1696 2661
579 189 793 224 GYRALDVS,
825 189 872 214 m:
903 188 1043 214 Pomm.
1397 178 1449 214 55

240 308 393 355 Latina,
436 307 584 344 Latinis
617 306 762 343 Graeca
806 312 894 356 apte
925 318 1177 355 componenS,
1222 306 1323 343 unde
1367 318 1452 354 per—

239 379 354 417 quam
403 366 513 404 multi
560 366 598 402 in
641 366 856 415 praeclaros
905 366 1104 414 utriusque
1154 365 1307 413 linguae
1350 365 1452 402 viros

238 438 403 463 evasere.
466 425 627 474 Scripsit
659 425 935 474 epigrammata
966 424 1097 471 multa,
1130 436 1293 473 quorum
1325 424 1453 474 aliqua

239 491 328 522 sunt
371 485 483 522 edita.
558 484 719 533 Legitur
762 488 799 521 et
843 484 996 521 libellus
1059 495 1127 520 seu
1173 483 1371 520 encomion
1414 483 1451 520 in

197 553 213 577 .·›
241 543 437 581 Platonem
454 543 599 580 Graeco
618 544 727 591 elego
749 543 917 580 carmine
937 542 1158 580 doctissime
1172 542 1452 579 concinnatum.

240 604 275 640 A
295 602 422 639 Leone
443 602 490 640 X.
524 603 702 651 pontifice
742 602 911 639 maximo
949 605 1176 651 procurante
1195 601 1353 638 Alberto
1372 601 1453 648 Pio7

241 661 453 711 Carporum
473 662 657 710 principe,
689 666 726 699 et
748 661 939 698 Laschare
961 661 1122 698 Romam
1154 660 1300 698 accitus
1331 660 1453 697 archi-

241 721 447 770 episcopus
478 721 712 770 Epidaurius
744 724 894 758 creatus
925 725 994 758 est.
1044 720 1204 757 Infirma
1235 719 1453 757 valetudine

240 785 440 829 correptus
485 780 706 829 propediem
751 780 867 816 finem
909 779 1009 817 vitae
1054 779 1240 827 suscepit,
1285 783 1323 815 et
1367 778 1454 816 licet

181 848 213 872 w
240 839 388 887 indigni
429 839 586 888 quidam
626 843 730 876 tanto
771 839 918 887 collega
955 850 1046 875 eum
1083 837 1296 875 decessisse
1328 837 1454 886 prodi-

182 905 241 939 μμ]
284 898 421 945 derint,
454 898 554 947 quod
587 898 657 935 ini-
686 897 690 949 j
720 898 833 947 quius
863 897 999 935 tulisse
1024 897 1221 934 videretur
1241 897 1455 934 cardinales

240 957 381 995 multos
403 962 490 995 ante
513 969 554 995 se
575 962 734 1004 creatos,
756 957 809 994 nil
822 957 1006 994 habentes
1028 956 1142 1001 aliud,
1165 968 1240 1005 quo
1260 956 1455 993 hominem

241 1016 506 1054 doctissimum
547 1029 591 1054 ac
632 1015 959 1054 modestissimum
990 1015 1324 1053 calumniarentur.
1377 1014 1454 1052 Sed

241 1075 402 1113 infames
434 1075 491 1112 illi
523 1079 628 1123 sunt7
661 1075 726 1125 qui
757 1075 804 1112 de
836 1087 879 1112 eo
910 1075 985 1112 ista
1016 1074 1264 1120 distulerunt,
1303 1074 1454 1123 quando

124 1138 127 1140 ’
182 1143 213 1168 15
240 1134 313 1181 ille,
351 1135 583 1183 ubicumque
615 1139 790 1172 versatus
827 1139 903 1181 est7
936 1135 1031 1171 bene
1063 1134 1110 1171 de
1143 1145 1183 1171 se
1214 1133 1378 1170 audierit
1408 1134 1454 1170 ab

241 1193 428 1232 omnibus,
460 1197 592 1242 totque
622 1193 687 1231 ille
709 1198 796 1242 post
819 1205 859 1231 se
878 1193 1033 1242 reliquit
1053 1193 1263 1242 discipulos
1284 1192 1456 1241 insignes

239 1253 278 1289 in
301 1253 403 1289 omni
424 1253 640 1290 litterarum
662 1258 699 1290 et
719 1264 868 1289 morum
886 1252 1100 1301 disciplina,
1132 1252 1197 1301 qui
1218 1263 1283 1288 eos
1304 1251 1454 1289 mentiri

238 1312 354 1349 verbo
399 1316 436 1348 et
480 1311 658 1360 exemplo
701 1316 880 1360 arguunt.
953 1311 1040 1348 Fuit
1083 1316 1122 1348 et
1163 1311 1263 1348 inter
1304 1316 1455 1348 nostros

239 1369 405 1408 Graecos
427 1370 595 1419 poetices
617 1383 691 1407 non
712 1371 870 1419 ignarus
892 1370 1045 1407 habitus
1063 1370 1261 1416 Arsenius,
1283 1369 1455 1407 Monem-

178 1438 214 1463 2ss
241 1429 367 1466 basiae
404 1430 626 1479 episcopus.
673 1429 738 1479 qui
775 1434 812 1467 et
833 1429 1005 1467 Venetiis
1037 1434 1074 1466 et
1105 1429 1249 1466 Romae
1280 1434 1456 1466 versatus

241 1489 312 1526 sub
331 1488 459 1526 Leone
478 1489 527 1526 X.
561 1489 740 1538 pontifice
760 1489 939 1536 maximo,
972 1489 1033 1526 cni
1055 1493 1093 1525 et
1107 1488 1297 1525 Graecum
1319 1488 1457 1525 obtulit

240 1547 415 1585 libellum
436 1560 459 1585 a
481 1560 521 1585 se
553 1548 822 1585 concinnatum
853 1560 903 1585 ex
934 1548 1096 1585 diversis
1128 1547 1347 1585 auctoribus
1372 1551 1456 1584 tum

241 1619 356 1656 prosa
386 1612 470 1644 tum
514 1607 691 1645 carmine.
754 1607 840 1644 Fuit
880 1611 917 1644 et
959 1606 1148 1655 Georgius
1189 1607 1377 1653 Balsamo,
1419 1611 1456 1644 et

241 1666 324 1715 ipse
356 1665 544 1713 Graecus,
579 1666 645 1715 qui
684 1666 829 1704 diutius
861 1666 960 1703 inter
990 1666 1198 1703 familiares
1228 1665 1456 1714 amplissimi

180 1733 215 1758 25
243 1725 447 1762 cardinalis
491 1725 649 1763 Salxiziti
693 1737 816 1775 usque
859 1725 908 1762 ad
952 1725 1149 1762 interitum
1188 1725 1302 1771 vixit,
1346 1725 1456 1762 cuius

239 1789 278 1821 et
309 1784 479 1822 carmina
509 1790 547 1822 et
580 1785 705 1822 soluta
744 1784 912 1822 oratione
951 1784 1139 1833 quaedam
1176 1784 1252 1832 legi
1284 1788 1455 1832 possunt.

240 1843 349 1880 Vivit
391 1844 518 1881 adhuc
561 1844 753 1880 Antonius
795 1843 998 1892 Eparchus
1043 1843 1309 1891 Coi-cyrensis,
1358 1842 1458 1880 inter

241 1901 422 1939 Graeciae
453 1903 624 1940 eruditos
656 1907 965 1949 connumeratus⁷
998 1903 1063 1951 qui
1085 1902 1258 1939 Venetiis
1291 1901 1457 1940 Graecas

242 1961 389 1998 litteras
403 1961 640 2010 aliquamdiu
655 1962 852 2010 professus
863 1962 1017 1999 demum
1032 1962 1240 2009 Corcyram
1254 1973 1457 2009 regressus

180 2030 215 2053 3¹·
239 2020 289 2057 ad
322 2032 412 2057 suos
443 2020 482 2057 in
504 2020 642 2058 litteris
667 2021 915 2068 consenescit,
948 2021 1015 2058 tibi
1035 2021 1194 2067 amicus,
1218 2021 1457 2068 Antimache,

242 2084 285 2116 ut
315 2091 365 2116 ex
397 2091 441 2116 eo
472 2080 566 2116 mihi
600 2092 714 2128 saepe
746 2080 1006 2128 significatum
1036 2084 1106 2117 est.
1163 2079 1233 2117 Est
1265 2083 1302 2117 et
1333 2080 1456 2127 hodie,

242 2138 308 2187 qui
359 2138 431 2175 fuit
482 2139 695 2188 discipulus
752 2139 973 2185 Laschan's,
1025 2139 1243 2176 Matthaeus
1292 2139 1457 2176 Avarius

242 2197 502 2245 Corcyrensis,
534 2198 594 2234 vir
625 2199 721 2235 bene
752 2198 943 2236 litteratus
975 2202 1013 2235 et
1040 2198 1226 2244 emditus,
1259 2198 1368 2235 cuius
1402 2198 1457 2235 rei

244 2256 366 2304 gratia
413 2257 676 2306 amplissimus
717 2257 921 2295 cardinalis
962 2257 1192 2306 Rudolplius
1230 2269 1319 2294 eum
1359 2257 1459 2295 inter

181 2323 216 2348 35
243 2315 462 2353 carissimos
505 2316 710 2354 familiares
752 2317 855 2354 domi
892 2317 1007 2354 halet
1047 2321 1085 2354 et
1126 2329 1215 2354 cum
1255 2328 1299 2353 eo
1342 2316 1457 2354 simul
