1701 2672
251 553 267 578 Γ)

236 850 268 874 111

233 1440 268 1465 211

648 191 861 226 GYRALDVS,
892 192 941 217 DE
971 192 1111 218 POETIS.

292 309 520 346 maturando
553 320 637 346 sese
669 309 885 358 accingeret
916 313 955 347 et
985 321 1057 358 ego
1089 321 1242 359 quoque
1273 322 1363 348 eum
1396 311 1510 360 sequi

295 368 533 414 statuissem,
572 380 648 416 quo
686 368 806 405 multa
844 368 971 406 adhuc
1008 368 1222 406 ediscerem
1259 381 1303 407 ac
1335 369 1505 407 celebra-

292 427 462 464 tissimas
494 426 743 464 bibliothecas
774 427 871 464 illas.
904 439 1002 476 quae
1039 427 1078 464 in
1110 428 1211 465 Atho
1243 433 1373 466 monte
1405 432 1511 476 sunt,

291 485 496 535 aliquando
508 485 781 534 conspicerem.
789 485 1011 523 acutissimo
1022 487 1152 524 morbo
1165 491 1365 536 correptus
1373 487 1510 537 quinto

294 557 369 594 quo
401 549 598 593 aegrotare
631 550 810 593 coeperat
840 545 901 581 die
933 545 1102 582 maximo
1129 545 1301 583 omnium
1335 558 1506 584 maerore

293 603 472 641 decessit.
510 603 682 652 Reliquit
702 604 764 641 hic
787 603 927 641 liberos
947 604 1056 651 duos,
1077 604 1144 653 qui
1160 608 1319 653 paterna
1339 605 1510 654 vestigia

295 663 430 700 sectati
462 662 603 700 litteris
636 674 794 711 opera-m
825 668 1024 705 navarunt.
1058 662 1269 712 Georgiimi
1300 668 1339 701 et
1367 664 1510 702 Deme—

294 722 423 759 trium.
456 733 573 771 quem
602 725 657 766 tu,
686 721 773 768 Lili7
806 722 923 771 probe
946 722 1099 762 novisti.
1131 734 1220 759 nam
1253 727 1291 760 et
1312 722 1510 761 Feriariae

293 793 381 818 cum
414 781 639 829 Rhangonis
671 786 709 818 et
741 780 979 818 Mirandulae
1017 793 1105 817 cum
1138 781 1239 818 Picis
1270 781 1508 831 aliquamdiu

294 840 405 876 ambo
446 839 690 880 conxixistis:
742 839 812 877 sed
857 839 1046 889 Georgius
1091 840 1282 888 Corcyrae
1337 840 1508 879 substitit

297 899 512 936 medicinae
563 902 600 935 et
641 899 826 936 oratoriae
872 899 965 936 artis
1006 900 1211 948 professor.
1284 898 1509 949 Composuit

292 964 420 995 autem
436 958 654 995 Demetrius
669 958 838 995 carmina
854 957 1030 1006 plurima7
1047 958 1334 1007 epigrammata,
1351 958 1513 1007 elegias,

296 1017 514 1054 comoedias
558 1029 633 1054 non
678 1017 718 1053 in
760 1017 976 1066 publicum.
1019 1017 1086 1055 sed
1129 1017 1263 1055 amicis
1307 1017 1516 1055 dumtaxat

294 1076 440 1113 intimis
471 1075 664 1116 exhibuit:
698 1075 896 1113 heroicum
929 1088 1019 1113 vero
1051 1088 1205 1114 carmen
1227 1088 1438 1125 aggressus
1457 1076 1513 1114 de

253 1145 267 1169 3
296 1135 446 1172 Helena
490 1135 617 1184 palam
661 1135 839 1172 omnibus
889 1147 1101 1173 excussum
1149 1135 1255 1184 typis
1298 1135 1509 1184 legendum

294 1194 469 1233 tradidit.
520 1194 558 1230 in
603 1206 678 1243 quo
727 1194 824 1232 mira
864 1199 923 1231 est
967 1194 1142 1232 facilitas.
1200 1194 1426 1243 Composuit
1469 1199 1513 1232 et

295 1253 487 1290 orationes
508 1253 706 1302 quasdam.
741 1253 809 1291 sed
841 1258 879 1291 et
910 1253 1269 1291 commentariolum
1300 1253 1339 1290 in
1361 1252 1507 1303 Orphei

292 1312 339 1350 de
371 1312 565 1361 lapidilzuis
598 1312 828 1361 opusculum
860 1313 899 1349 in
931 1313 1095 1361 gratiam
1125 1312 1280 1350 Ioannis
1312 1312 1505 1350 Francisci

292 1371 384 1409 Pici.
428 1371 502 1408 Hic
524 1371 693 1420 primum
714 1371 905 1415 Venetiis,
929 1384 1019 1409 mox
1042 1371 1236 1409 Ferrariae
1268 1376 1307 1409 et
1328 1371 1511 1409 Mantuae

293 1430 511 1468 diversatus
551 1434 626 1477 est,
670 1430 809 1480 quibus
850 1431 888 1467 in
921 1431 1016 1467 locis
1048 1430 1189 1467 multos
1228 1429 1363 1468 habuit
1393 1430 1510 1468 disci-

294 1489 415 1538 pnlos.
461 1489 537 1527 Sed
569 1490 646 1527 iam
677 1490 724 1527 de
744 1490 914 1527 Moschis
946 1490 1040 1527 satis
1061 1502 1165 1527 ame
1198 1489 1356 1527 dictum.
1393 1489 1509 1527 Nunc

235 1554 295 1588 [m]
327 1548 543 1586 Laschares
565 1545 567 1596 i
589 1549 686 1585 duos
718 1549 1034 1595 commemorabo,
1066 1561 1230 1598 quorum
1260 1548 1359 1586 alter
1388 1548 1513 1586 Ianus

294 1607 511 1645 Laschares
534 1598 809 1645 Rhindacenus
831 1608 914 1655 fuit,
945 1608 1041 1645 alter
1061 1607 1336 1646 Constantinus
1357 1608 1508 1656 Byzan-

294 1667 391 1715 tius:
415 1667 484 1704 sed
506 1667 642 1704 Ianum
663 1667 830 1705 vidimus
849 1671 887 1705 et
907 1667 1125 1705 audivimus
1153 1679 1267 1716 saepe
1285 1666 1507 1716 loquentem

261 1745 268 1758 ›
297 1725 429 1763 multis
461 1726 509 1763 de
544 1727 658 1763 rebus
690 1726 801 1764 docte
833 1730 871 1764 et
901 1730 1048 1775 argute.
1110 1726 1183 1763 Hic
1216 1726 1383 1775 primum
1423 1737 1509 1764 ver-—

295 1790 402 1823 satus
423 1790 482 1823 est
501 1785 734 1834 Florentiae:
768 1797 844 1835 qno
874 1797 968 1823 usus
1001 1790 1060 1823 est
1080 1785 1315 1823 Laurentius
1337 1784 1514 1823 Medioes

294 1844 332 1881 in
367 1844 626 1882 construenda
658 1844 722 1881 illa
756 1844 871 1881 nobili
905 1850 944 1882 et
977 1844 1131 1894 copiosa
1162 1856 1232 1881 sua
1265 1844 1508 1891 bibliotheca,

295 1904 406 1940 cuius
448 1903 565 1941 etiam
605 1915 721 1941 causa
753 1916 841 1941 eum
885 1916 953 1953 per
986 1903 1204 1941 universam
1237 1901 1438 1941 Graeciam
1469 1909 1509 1941 ct

295 1963 427 1999 Asiam
479 1962 703 2012 insulasque
754 1963 857 2000 misit
907 1963 955 2000 ad
997 1962 1279 2012 conquirendos
1332 1974 1507 2012 quosque

234 2032 256 2054 κ·
296 2022 460 2070 optimos
514 2021 686 2062 codices,
737 2034 834 2071 quos
884 2022 1047 2071 pecunia
1097 2021 1317 2071 redemptos
1367 2021 1508 2058 habere

296 2087 439 2130 pos-set.
510 2081 603 2118 Post
653 2081 787 2118 eiectis
832 2081 1024 2119 Florentia
1066 2080 1227 2118 Medicis
1270 2079 1506 2130 aliquamdiu

295 2145 467 2188 vagatus,
512 2152 648 2177 verum
693 2145 820 2177 creato
865 2140 1044 2189 pontifice
1085 2140 1212 2177 Leone
1254 2139 1300 2177 X.
1345 2139 1507 2177 Romam

295 2199 443 2236 accitus
466 2199 627 2237 honeste
659 2199 760 2248 apud
788 2199 1009 2248 pontificem
1028 2198 1244 2236 diversatus
1276 2202 1335 2236 est
1354 2198 1508 2236 adules-

295 2265 505 2308 ce1·ntesque
533 2259 723 2307 ingenuos
755 2270 804 2295 ex
826 2258 1005 2295 universa
1026 2270 1146 2307 paene
1166 2256 1326 2296 Graecia
1346 2258 1505 2295 Romam

236 2326 270 2349 127»
296 2317 436 2354 advehi
469 2317 629 2357 curavit,
663 2317 729 2367 qui
752 2318 912 2355 honeste
925 2317 1120 2355 alerentur
1151 2321 1189 2355 ct
1215 2317 1510 2355 instituerentur
