1701 2672
222 186 274 224 82
621 196 833 230 GYRALDVS,
865 196 913 221 DE
944 195 1084 222 Pom-ts.

218 853 251 880 lO

219 1148 251 1174 15

219 2034 254 2060 30

219 2329 253 2355 35

276 314 545 353 Sebastianum
583 325 737 363 quoque
775 312 989 351 Cori-adum
1024 313 1257 362 Regiensem
1297 313 1370 350 hoc
1407 313 1491 351 loco

276 373 600 415 commemorabo,
634 372 668 410 si
699 372 856 422 quidem
888 384 978 410 vera
1012 375 1119 419 sunt,
1152 384 1250 421 quae
1281 371 1377 409 mihi
1407 372 1492 409 eius

276 432 435 482 quidam
475 431 658 480 discipuli
695 431 880 469 rettulere
918 434 957 468 et
994 443 1092 480 quae
1123 430 1192 468 tibi
1224 443 1295 469 sua
1324 430 1493 480 epistula

278 491 445 540 scripsit,
477 491 517 528 in
548 503 625 540 qua
656 489 926 538 Vergilianum
956 489 1054 527 illud
1085 494 1268 539 usurpat:

396 550 495 588 Sunt
527 552 565 587 et
595 549 692 586 mihi
723 549 904 595 carmina,
936 560 999 586 me
1031 560 1186 598 quoque
1216 552 1344 587 vatem

396 608 577 646 Pastores
609 608 755 645 dicunt.

277 667 388 715 Quod
430 668 547 705 etiam
587 671 631 704 ut
671 666 824 704 facilius
865 666 1038 713 credam,
1081 666 1174 704 facit
1209 666 1295 704 eius
1337 678 1493 704 carmen

276 727 522 777 phalaecium
543 726 592 764 ad
611 730 662 768 te,
682 726 770 772 Lili,
798 725 974 772 missum,
1001 725 1105 775 quod
1126 725 1222 762 mihi
1246 729 1285 763 et
1304 725 1493 763 Phaletho

277 786 400 824 Iulius
432 785 617 835 princeps
650 784 858 823 Scandiani
895 784 1075 822 ostendit.
1138 783 1216 822 Sed
1246 784 1424 834 nunquid
1455 789 1494 822 et

277 845 453 883 Marcum
479 844 691 882 Antonium
726 843 982 892 Maioragimu
1022 855 1125 880 nunc
1158 842 1494 892 praetermittam?

277 903 362 951 Qui,
383 908 426 941 ut
447 903 568 949 scitis,
588 906 765 952 paratum
787 903 902 940 habet
922 902 1134 951 ingenium,
1157 902 1207 939 ad
1226 913 1494 951 quaecumque

275 963 446 1001 animum
489 962 671 1006 intendit,
719 966 907 1011 ornatque
948 973 990 999 se
1029 960 1246 1010 peregrinis
1285 972 1331 998 ac
1369 963 1494 998 trans-

277 1021 435 1059 marinis
467 1021 686 1070 disciplinis
718 1020 840 1058 labori
877 1020 1037 1058 minime
1069 1031 1254 1069 parcens,
1292 1023 1331 1057 et
1362 1031 1494 1069 quam-

277 1093 393 1131 quam
421 1093 498 1118 non
520 1080 601 1117 vidi
620 1080 704 1118 eius
725 1080 804 1117 ulla
824 1079 994 1117 carmina
1016 1083 1285 1128 praeterquam
1305 1078 1494 1128 quaedam

276 1139 439 1178 iambica
477 1139 616 1177 veneni
653 1139 784 1188 plena,
823 1150 922 1188 quae
959 1138 1001 1175 in
1037 1137 1271 1176 maledicum
1302 1137 1495 1187 quendam

277 1198 591 1248 grammaticmn,
624 1198 736 1236 cuius
767 1197 946 1235 manibus
978 1209 1111 1246 parco,
1144 1199 1425 1246 composuerat,
1456 1201 1494 1234 et

278 1258 503 1307 nuperrime
554 1257 743 1307 quosdam
792 1256 979 1294 Etruscos
1031 1256 1254 1304 rhythmos,
1310 1267 1406 1305 quos
1455 1255 1494 1292 111

276 1317 491 1367 principem
522 1316 751 1366 Hispaniae,
784 1315 961 1353 Caesaris
992 1315 1136 1361 filium,
1175 1314 1364 1361 condidit,
1405 1326 1495 1352 cum

276 1376 484 1414 Mediolani
506 1375 731 1413 divertisset
756 1375 796 1412 in
814 1374 957 1423 Belgas
978 1374 1027 1411 ad
1052 1378 1203 1423 patrem
1222 1373 1494 1423 proficiscens:

276 1447 327 1473 ex
365 1435 506 1485 quibus
542 1434 691 1484 liquido
728 1437 834 1483 patet
871 1445 947 1471 non
990 1433 1119 1470 minus
1157 1432 1328 1470 carmine
1364 1432 1495 1470 valere

278 1506 391 1544 posse
429 1506 545 1544 quam
584 1493 710 1530 soluta
747 1492 929 1530 oratione.
985 1491 1130 1529 Verum
1162 1492 1233 1529 hos
1264 1495 1360 1538 tres,
1398 1502 1496 1541 quos

278 1553 392 1591 modo
425 1551 734 1598 commemoraxn‘,
766 1564 789 1589 a
808 1551 958 1601 poetica
976 1551 1090 1600 plane
1110 1550 1324 1588 excolenda
1342 1549 1496 1599 publice

276 1617 456 1650 auctores
487 1610 769 1661 interpretandi
800 1622 944 1648 munus
969 1614 1008 1648 et
1026 1609 1274 1659 praelegendi
1302 1621 1379 1646 non
1398 1608 1495 1646 nihil

278 1683 462 1709 avocasse
506 1670 632 1708 videri
682 1673 830 1719 potest3
875 1669 1026 1719 primus
1075 1668 1179 1706 enim
1229 1668 1348 1714 Pisis,
1397 1668 1497 1706 alter

218 1739 249 1753 ·“
278 1730 489 1773 Bononiae,
522 1730 661 1767 tertius
693 1729 902 1767 Mediolani
934 1728 1145 1778 profitetur.
1207 1727 1283 1765 Sed
1314 1727 1386 1765 has
1416 1730 1496 1764 tres

278 1790 403 1827 cultas
446 1789 602 1827 arbores
646 1792 684 1826 et
722 1788 820 1825 bene
870 1787 1039 1825 consitas
1082 1787 1122 1824 in
1165 1786 1249 1824 (lies
1293 1797 1496 1835 speramus

277 1849 474 1886 uberiores
495 1852 533 1885 et
553 1848 726 1885 volemos
746 1847 897 1884 fructus
916 1846 1098 1884 edituras.
1131 1845 1325 1894 Ignoscite
1346 1844 1496 1882 luxuri-

277 1908 357 1945 anti
379 1907 469 1945 huic
488 1919 575 1944 meo
596 1906 785 1944 sermoni:
807 1918 857 1943 ex
879 1905 997 1942 nimia
1019 1905 1123 1943 enim
1146 1904 1337 1954 processit
1355 1903 1496 1941 amoris

277 1966 528 2013 abundantia,
568 1978 645 2015 qua
683 1965 772 2003 illos
809 1965 856 2000 ob
894 1977 1027 2003 eorum
1066 1964 1266 2013 praeclara
1297 1963 1426 2001 studia
1456 1962 1495 2000 in

281 2033 337 2068 [94]
381 2026 445 2063 bo·
479 2023 484 2076 Ι
519 2025 580 2062 nis
622 2024 768 2062 artibus
809 2035 1039 2073 prosequor3
1080 2023 1157 2060 iam
1196 2022 1271 2059 iam
1316 2022 1355 2059 in
1394 2021 1495 2059 viam

279 2085 406 2122 redeo.
475 2084 739 2132 Hieronymus
780 2095 871 2121 vero
917 2082 1132 2130 Quercens,
1176 2093 1226 2119 ex
1269 2081 1415 2118 familia
1457 2086 1496 2118 et

278 2155 420 2191 genere
443 2143 535 2181 Iulii
554 2142 616 2180 Π..
649 2142 844 2192 pontificis
867 2141 1039 2188 maximi,
1059 2141 1125 2190 qui
1157 2140 1194 2177 in
1215 2140 1353 2190 puerili
1373 2143 1496 2178 aetate

279 2202 508 2240 miraculum
554 2202 662 2239 visus
704 2205 764 2239 est
806 2201 844 2238 in
889 2201 993 2238 omni
1036 2199 1298 2237 doctrinarum
1341 2210 1495 2247 genere,

279 2261 402 2299 Ticini
424 2266 463 2299 et
484 2261 575 2299 alibi
595 2266 633 2298 et
654 2260 808 2310 publice
831 2259 1024 2309 peroravit
1045 2264 1083 2296 et
1106 2259 1262 2296 diversa
1281 2258 1494 2296 carminum

279 2321 467 2370 opuscula
490 2320 720 2369 composuit,
747 2331 822 2357 non
846 2319 958 2357 modo
980 2330 1096 2356 versu
1118 2318 1351 2365 hexametro,
1374 2316 1496 2365 lyrico
