1701 2672
235 169 286 207 ΤΟ
632 180 846 214 GYRALDVS,
877 179 925 204 DE
956 179 1096 205 Poims.

291 299 379 325 cum
394 286 526 335 paucis
541 297 674 335 sapere
689 285 826 323 melius
841 285 890 322 sit
903 289 942 322 et
955 297 1044 323 eum
1058 285 1191 322 multis
1205 284 1357 322 vivere?
1399 283 1510 322 Tunc

291 344 580 383 omnessimul:
614 345 743 382 *Recte
762 350 803 382 tu
832 344 1012 394 qrridem',
1054 344 1197 390 dixere,
1230 343 1406 390 ‘midi-ea,
1438 342 1508 380 sed

293 411 330 442 et
372 411 415 442 tu
455 404 503 441 de
540 403 628 441 illis.
690 403 857 440 Proinde
895 414 1056 452 sequere
1092 402 1140 440 de
1179 401 1336 452 poetis!’
1399 401 1511 439 Tune

291 462 471 501 Andreas
497 462 618 509 ·Fuit',
650 462 785 511 inquit,
815 467 864 499 ‘et
883 461 1047 499 Ioannes
1067 461 1269 499 Secundus
1288 460 1510 509 Hagiensis,

250 531 265 555 5
292 522 401 560 cuius
438 526 591 559 exstant
628 521 759 560 Basia.
801 532 905 569 quae
930 521 977 558 ab
1015 520 1193 558 omnibus
1230 520 1283 557 ita
1312 519 1511 568 leguntur,

292 586 334 618 ut
381 581 498 618 basiis
542 580 653 618 adfici
691 580 914 626 xideantur,
962 579 1002 616 in
1043 591 1141 629 quae
1187 579 1297 616 Basia
1333 578 1512 616 Alciatus

291 640 486 687 eleganter
517 639 686 677 carmine
723 639 836 679 lusit:
879 638 1033 687 scripsit
1070 642 1268 687 praeterea
1297 637 1508 686 elegiarum

291 699 410 736 libros
453 704 543 746 tres,
588 699 767 736 funerum
807 709 940 740 unum,
980 697 1266 746 epigrammata,
1309 696 1511 745 epistulas,

293 758 397 805 odas,
430 757 556 796 silvas.
617 757 744 794 Audio
775 763 813 794 et
844 757 948 793 hunc
980 756 1180 805 scripsisse
1210 755 1285 793 alia
1315 755 1511 802 nonnulla,

236 828 267 851 w
293 829 390 866 quae
427 829 470 854 ea
513 817 659 854 ratione
698 828 774 853 non
813 821 903 853 sunt
943 815 1055 861 edita,
1096 814 1199 864 quod
1238 814 1278 851 in
1315 813 1513 863 principes

294 876 481 925 quosdam
500 875 676 913 acerbius
695 875 795 912 dicta
815 874 1049 912 viderentur.
1104 873 1249 911 Habuit
1267 873 1331 911 hie
1351 877 1389 910 et
1411 872 1512 910 duos

292 935 386 972 alios
405 936 554 977 tratres,
587 934 654 984 qui
674 946 747 971 non
769 939 858 971 sunt
889 946 911 971 a
930 933 1054 971 Musis
1079 933 1204 979 alieni,
1235 932 1331 969 iuris
1351 931 1514 970 seientia

294 994 477 1042 insigues,
497 994 674 1044 quamvis
694 999 733 1031 et
748 993 923 1030 Caesaris
943 992 1093 1041 negotia
1113 991 1215 1041 apud
1233 991 1370 1039 Belgas
1382 994 1512 1039 agant.

293 1054 411 1091 Periit
429 1053 592 1091 Ioannes
617 1052 657 1090 in
678 1064 768 1090 suae
789 1051 922 1090 aetatis
942 1052 1055 1100 flore;
1088 1051 1214 1088 XXV.
1245 1050 1347 1088 enim
1367 1061 1510 1087 annum

236 1122 267 1147 15
293 1125 369 1150 non
405 1112 584 1150 excessit.
641 1112 698 1149 De
747 1123 822 1160 quo
866 1111 899 1149 si
948 1110 1059 1159 phua
1103 1109 1308 1159 (111-(1911119,
1351 1108 1513 1158 legitote

293 1171 519 1221 epicediuin,
552 1171 654 1221 quod
685 1171 726 1208 in
757 1170 840 1208 eius
866 1170 1000 1207 funere
1020 1169 1213 1207 Adrianus
1238 1168 1396 1215 Marius,
1426 1167 1513 1206 eius

235 1238 294 1273 [si]
338 1231 466 1278 frater,
494 1230 720 1280 composuit.
765 1229 967 1278 Leguntur
997 1234 1035 1266 et
1066 1228 1150 1266 eius
1180 1228 1254 1265 alia
1283 1225 1287 1279 Ι
1315 1227 1512 1277 pleraque,

293 1290 393 1328 inter
424 1302 521 1339 quae
552 1296 590 1328 et
621 1289 861 1338 epitaphium
892 1288 987 1325 illud
1021 1287 1190 1325 Thomae
1220 1286 1336 1325 Mori:

295 1348 390 1397 Quis
421 1349 519 1387 iacet
537 1349 625 1387 hic?
658 1349 844 1394 Truncus,
877 1347 987 1385 cuius
1006 1352 1122 1396 caput
1141 1358 1233 1384 ense
1253 1345 1421 1384 recisum
1439 1348 1512 1382 est.

235 1416 269 1443 20
355 1408 461 1456 Quae
492 1412 597 1446 natat
629 1408 667 1445 in
699 1413 819 1445 taetro
852 1407 1062 1455 sanguine?
1094 1405 1272 1444 Canities.

294 1467 367 1505 Hic
399 1467 464 1505 ille
496 1473 556 1505 est
588 1467 755 1505 Thomas
787 1466 937 1505 Morus:
971 1465 1025 1503 sio
1056 1465 1133 1502 fata
1166 1463 1340 1513 rependit

355 1527 493 1564 Tristia
524 1527 646 1564 multa
678 1525 786 1563 bouis
817 1532 855 1563 et
888 1525 983 1562 bona
1016 1524 1135 1561 multa
1167 1523 1290 1561 malis.

296 1585 402 1633 Quae
433 1586 724 1624 circumsistunt
755 1585 866 1622 divae.
898 1584 1062 1632 lugubre
1094 1583 1280 1621 cadaver?

354 1645 451 1682 Diva
483 1651 599 1682 tenax
631 1645 722 1691 veri,
756 1650 885 1681 saneta
917 1643 1041 1689 Fides,
1073 1641 1261 1688 Nemesis,

236 1713 271 1739 25
297 1704 469 1752 Quarum
500 1704 623 1753 plima
655 1704 727 1742 fuit
759 1715 873 1740 causa
905 1707 943 1740 et
973 1702 1046 1739 fuit
1077 1701 1195 1739 altera
1228 1699 1374 1744 mortis,

355 1763 485 1801 Vltrix
517 1763 682 1801 iniustae
713 1762 823 1800 tertia
855 1761 984 1799 caedis
1016 1761 1097 1799 erit.

296 1823 448 1860 Fuisset
479 1827 517 1860 et
547 1822 710 1860 Ioannes
743 1821 935 1871 SinapiuS,
975 1832 1083 1858 meus
1121 1819 1373 1869 propinquus,
1411 1817 1515 1855 inter

296 1887 428 1931 poetas
459 1881 541 1919 iure
572 1881 850 1921 conlocandus,
891 1879 956 1929 qui
994 1887 1032 1918 et
1071 1891 1140 1917 suo
1178 1878 1331 1927 ingenio
1368 1876 1514 1914 multos

298 1953 434 1978 versus
455 1941 575 1978 edidit
605 1947 643 1978 et
662 1953 711 1978 ex
732 1939 891 1977 Graecis
911 1939 1053 1976 multos
1073 1937 1279 1984 transtulit,
1311 1940 1353 1974 ut
1378 1940 1438 1974 est
1462 1947 1512 1973 ex

237 2011 271 2034 :w
296 2000 465 2038 Luciano
473 1999 659 2048 Podagra,
671 2000 707 2036 ni
719 1999 828 2036 illum
840 1998 1103 2048 philosophiae
1113 2002 1151 2035 et
1162 1996 1373 2034 medicinae
1385 1994 1515 2033 studia

296 2072 317 2097 a
344 2059 667 2097 mansuetioribus
693 2058 816 2096 Musis
844 2063 1086 2099 avocassent:
1119 2062 1157 2094 91
1183 2068 1245 2094 1119
1270 2055 1318 2092 de
1336 2066 1381 2092 eo
1400 2053 1513 2104 phua

297 2119 424 2157 dicere
455 2124 492 2156 et
512 2118 755 2156 necessitudo
787 2122 916 2155 nostra
941 2121 979 2154 et
998 2115 1169 2153 omnium
1189 2119 1359 2153 vestrum
1380 2112 1515 2151 notitia

298 2177 525 2227 111-(1111119111.7
569 2177 778 2227 Postquam
796 2178 909 2213 finem
925 2175 1076 2213 (licendi
1092 2174 1180 2212 fecit
1194 2173 1370 2212 Andreas
1384 2172 1515 2211 Grun-

297 2237 440 2276 therus.
456 2248 587 2274 omnes
600 2237 786 2274 sermonis
799 2236 913 2273 finem
927 2247 1014 2272 esse
1024 2234 1291 2273 existimantes
1301 2233 1515 2281 adsm·gere

238 2305 272 2330 :55
299 2296 397 2334 velle
429 2296 501 2333 visi
530 2302 619 2334 sunt
645 2295 858 2333 abitionem«
865 2307 928 2344 1119
950 2306 1093 2343 parare.
1143 2294 1193 2331 At
1219 2304 1291 2341 ego
1324 2291 1514 2338 ‘Manete⁷,
