1701 2672
185 186 237 224 14
590 197 803 226 GYRAans,
834 197 882 222 m:
914 197 1054 223 POE‘rIs.

239 315 379 364 plexus
419 319 496 362 est3
539 319 690 352 tantum
730 315 849 357 abest,
891 319 932 352 ut
974 314 1230 353 Christianam
1271 314 1456 363 pietatem

239 375 322 423 ipse
371 373 588 413 sciibendo,
638 373 740 422 quod
784 374 961 423 plerique
1003 373 1164 419 faciunt,
1215 373 1456 411 dissimulet.'

241 433 374 473 *Mis-112
407 433 532 482 inquit
562 432 698 471 Iulius.
737 433 796 470 ‘de
827 433 918 470 Pico
950 445 1094 477 narras,
1126 444 1243 482 quem
1273 432 1387 470 audio
1418 432 1456 469 in

240 504 377 529 manus
418 493 558 529 habere
595 496 633 529 et
670 491 743 529 alia
775 491 982 528 nonnulla?
1051 491 1125 530 ‘Sic
1165 492 1247 535 est',
1287 492 1457 541 inquam,

198 560 215 583 7»
243 555 296 588 ·ut
327 551 395 590 ais,
434 563 558 600 neque
589 551 694 588 enim
724 555 861 597 cessat,
902 551 995 600 quin
1031 550 1178 600 aliquid
1208 551 1363 589 cottidie
1393 550 1458 587 ille

239 610 300 648 vel
333 611 473 648 scribat
504 610 567 647 vel
597 610 826 650 meditetur:
857 610 897 646 in
928 609 1068 659 quibus
1100 610 1162 658 (de
1192 610 1341 659 poetica
1355 621 1457 647 nunc·

241 669 400 719 loquor),
434 670 466 706 si
497 674 648 707 tantum
666 669 894 707 elocutionis
919 681 964 706 ac
987 680 1236 706 numerorum
1257 669 1456 711 conferret„

186 736 241 769 μὴ]
265 735 454 778 [plantum
485 728 679 766 doctrinae
706 733 745 766 et
770 727 1009 772 eruditionis,
1041 732 1079 766 et
1099 734 1102 771 1
1124 728 1228 777 quod
1257 728 1313 765 illi
1333 728 1455 777 placet

241 788 384 825 homini
416 788 586 825 maxime
607 787 845 825 Christianae
877 787 1051 835 religioni
1083 786 1248 833 addicto,
1279 787 1353 824 m'si
1372 798 1458 825 sese

185 856 216 880 10
243 848 360 885 sacris
392 847 587 884 vocabulis
618 847 814 884 interdum
852 846 1186 895 locutionibusque
1217 846 1458 894 astringeret,

241 918 362 943 unum
394 907 634 945 haberemus,
668 918 784 955 quem
815 905 934 943 nostn'
965 905 1151 955 temporis
1182 905 1221 942 in
1252 917 1297 943 eo
1319 916 1459 953 genere

241 966 409 1015 antiquis
461 971 613 1014 poetam
663 966 837 1002 conferre
890 976 1104 1014 possemus.
1177 964 1279 1001 Nam
1322 967 1361 1001 et
1402 963 1458 1001 illi

240 1026 392 1062 fervens
416 1025 614 1073 ingenium
633 1029 670 1061 et
685 1036 800 1073 supra
822 1023 947 1061 omnia
970 1024 1133 1061 sublime
1152 1034 1460 1072 magnarumque

241 1084 501 1121 doctrinarum
532 1083 678 1133 capax.'
723 1083 809 1121 *Sed
831 1083 930 1125 iam’,
970 1083 1094 1132 inquit
1124 1082 1260 1128 Iulius,
1293 1082 1352 1119 ‘de
1381 1081 1460 1119 tuis

186 1152 217 1176 17»
244 1143 328 1180 istis
360 1143 463 1180 Picis
506 1143 620 1182 satis:
661 1142 791 1180 audivi
829 1142 931 1179 enim
968 1143 1087 1180 istiun
1117 1142 1247 1191 ipsmn
1277 1141 1459 1179 Ioannem

241 1202 500 1247 Fiam-iseum,
521 1214 636 1251 quem
655 1207 760 1239 tanto
780 1213 894 1251 opere-
921 1201 1026 1244 colis,
1059 1201 1098 1238 in
1124 1201 1267 1239 avitam
1289 1200 1402 1238 modo
1423 1205 1461 1238 et

241 1266 441 1311 paternam
461 1261 649 1299 dicionem
668 1261 911 1309 restitutumg
944 1272 1073 1310 quare,
1102 1260 1135 1297 si
1160 1260 1297 1309 placet,
1316 1259 1392 1297 iam
1411 1259 1457 1296 ad

241 1321 336 1358 alios
355 1326 392 1358 te
406 1321 608 1358 converte?
630 1320 716 1359 *Sed
731 1319 858 1367 enim',
869 1331 941 1369 ego
951 1320 1120 1369 inquam,
1131 1319 1190 1356 ‘de
1200 1319 1248 1357 iis
1262 1330 1458 1368 nunquam

242 1380 334 1417 satis
366 1392 492 1429 neque
523 1379 619 1429 ipsis
651 1379 755 1429 paria
787 1379 914 1416 dicere
945 1391 1102 1428 queam3
1141 1383 1386 1428 quapropter,
1419 1382 1460 1414 ut

182 1448 217 1473 ευ
242 1451 310 1476 vos
342 1439 471 1486 vultis,
503 1439 579 1476 iam
603 1439 653 1476 ad
673 1438 779 1476 alios.
818 1438 960 1476 Vrania
980 1450 1081 1485 vero,
1113 1442 1293 1484 meteora,
1313 1437 1460 1486 Hespe-

242 1498 371 1536 ridum
402 1498 513 1545 horti,
545 1498 711 1547 eclogae⁷
749 1498 1039 1547 epigrammata,
1071 1497 1228 1545 elegiae⁷
1265 1501 1303 1534 et
1335 1499 1459 1534 cetera

242 1558 387 1596 Ioviani
439 1557 603 1595 Pontani
652 1557 790 1594 Vmbri
839 1556 1007 1594 carmina
1056 1560 1094 1593 et
1145 1567 1243 1605 quae
1295 1554 1461 1604 plurima

245 1617 414 1666 pedestri
445 1617 614 1654 oratione
646 1616 810 1666 scripsit,
842 1616 998 1662 faciunt,
1030 1619 1072 1653 ut
1102 1615 1142 1652 in
1164 1614 1225 1652 his
1243 1614 1460 1652 tabularum

243 1677 475 1725 imaginibus
515 1676 627 1713 illum
664 1676 763 1713 inter
798 1687 977 1724 proceres
1014 1685 1328 1720 commemorem,
1369 1673 1459 1723 quin

184 1744 218 1769 25
243 1742 281 1774 et
312 1748 401 1773 cum
434 1735 539 1773 omni
570 1736 650 1773 fere
687 1734 914 1784 antiquitate
951 1734 1157 1779 conferam,
1197 1732 1351 1771 tametsi
1387 1744 1460 1770 non

243 1795 363 1842 idem,
409 1800 450 1832 ut
495 1794 728 1844 quibusdam
772 1794 940 1839 w'detur,
991 1793 1030 1830 in
1073 1792 1250 1831 omnibus
1293 1795 1460 1841 praestat

244 1863 534 1903 (nonnunquam
565 1854 667 1891 enim
706 1853 822 1890 nimis
860 1852 1035 1891 lascivire
1065 1857 1104 1890 et
1134 1851 1265 1901 vagari
1296 1850 1461 1898 videtur)

244 1926 313 1952 nec
364 1913 477 1963 plane
527 1913 669 1962 ubique
716 1924 757 1950 se
801 1912 952 1961 legibus
1001 1911 1190 1960 astringit.
1261 1910 1372 1958 Quod
1415 1910 1462 1947 iis

246 1973 372 2010 minus
412 1973 555 2010 mirum
595 1972 716 2010 videri
758 1972 907 2021 poterit⁷
949 1971 1015 2021 qui
1056 1971 1167 2008 illum
1199 1969 1383 2008 sciverint
1422 1969 1461 2006 in

184 2042 220 2064 ἓν·
246 2032 397 2081 magnis
428 2044 565 2081 regum
596 2036 634 2069 et
666 2031 884 2081 principum
915 2030 1078 2079 negotiis
1110 2029 1176 2067 diu
1203 2033 1400 2067 versatmn
1424 2033 1462 2066 et

245 2091 357 2128 modo
403 2091 591 2129 bellorum
638 2090 751 2128 modo
795 2090 901 2139 pacis
942 2089 1184 2127 condiciones
1228 2092 1266 2126 et
1310 2087 1460 2126 foedera

245 2156 430 2188 tractasse
461 2162 536 2188 non
568 2150 697 2187 minus
720 2162 837 2199 quam
856 2149 1056 2187 Phoebmn
1075 2154 1113 2186 et
1134 2147 1266 2186 Musas
1285 2147 1461 2185 coluisse.

245 2210 341 2256 Quis
373 2214 502 2247 tamen
533 2222 578 2247 eo
611 2209 720 2259 plura
731 2212 748 2246 ζ’
780 2209 868 2258 quis
894 2208 1072 2246 doctius?
1104 2207 1192 2256 quis
1223 2206 1462 2256 elegantius?

246 2269 333 2318 quis
365 2269 530 2318 denique
561 2268 775 2306 absolutius
812 2267 1054 2317 composuit?
1094 2265 1356 2304 enucleatius?
1396 2277 1461 2303 ex-

186 2336 220 2361 :23
247 2328 454 2377 quisitius‘?
495 2328 544 2366 Et
582 2327 670 2365 licet
709 2327 792 2366 eius
824 2326 981 2376 quidam
1014 2327 1085 2364 hoc
1116 2330 1288 2375 tempore
1319 2324 1462 2373 gloriae
