1701 2672
623 202 835 235 GYRALDVS,
867 203 915 227 DE
948 203 1085 228 POETIS.

270 321 308 357 in
341 320 502 357 studiiss
545 319 605 357 ‘Et
639 319 744 361 iure’,
776 319 900 369 inquit
920 320 1052 367 Iulius,
1086 320 1200 363 ‘facis5
1239 323 1277 357 et.
1308 319 1410 370 quod
1436 319 1488 358 ita

271 379 344 429 ipsi
377 379 502 416 meriti
534 382 571 416 et
608 384 650 415 tu
688 378 787 427 grati
825 379 941 416 animi
980 379 1298 428 significationem
1329 391 1421 428 prae
1451 383 1489 416 te

271 438 394 476 feres?
415 438 537 483 ·Fuit‘‚
559 437 717 487 inquam
735 450 816 486 ego,
838 437 1012 475 ‘Ioannes
1032 438 1148 476 Picus
1170 442 1331 487 patruus
1348 438 1488 476 Miran-

271 497 362 535 dula
405 509 480 534 non
524 497 637 533 modo
681 496 840 544 dignus,
884 501 926 534 ut
969 497 1009 534 in
1051 497 1123 535 hae
1167 497 1250 546 ipsa
1286 501 1487 547 poetarum

230 565 246 588 ³·
273 556 396 593 classe
428 560 645 605 reponatur,
679 555 747 593 sed
778 561 820 593 ut
852 555 1112 604 intellegentia
1143 560 1182 594 et
1207 556 1487 594 reconditarum

214 862 248 887 lo

272 615 574 664 interiorumque
605 615 819 652 litterarum
858 614 1030 652 doctrina
1061 615 1198 653 ceteris
1228 615 1406 660 anteibat,
1438 615 1487 652 ita

272 675 424 722 dig-nus.
456 680 499 711 ut
518 674 617 712 inter
637 674 941 723 sapientissimos
962 674 1211 723 philosophos
1232 678 1270 712 et
1291 674 1489 723 theologos
1542 679 1547 684 “

272 738 578 771 connumeretur.
619 732 704 780 Qui,
724 737 767 770 ut
785 733 869 770 eius
891 733 1116 782 multiplicis
1135 745 1179 770 ae
1200 745 1318 782 prope
1339 733 1490 771 divinae

275 793 484 842 sapientiae
524 797 770 830 monumenta
812 792 979 837 mittam,
1020 804 1183 841 quorum
1225 792 1407 842 pleraque
1443 793 1490 829 ob

274 853 525 889 immaturum
545 855 582 889 et
602 863 903 901 praeproperum
936 851 1040 888 illius
1059 851 1206 889 obitum
1239 850 1490 900 (tricesimum

273 912 375 949 enim
406 916 443 949 et
474 911 631 948 tertium
669 910 805 948 aetatis
841 922 986 948 anuum
1025 922 1099 948 non
1132 910 1315 958 excessit)
1352 910 1490 959 imper-

274 972 372 1008 fecta
404 970 570 1019 reliquit,
603 982 738 1007 versus
771 981 924 1019 quoque
957 970 1098 1007 multos
1128 969 1346 1018 composuit
1377 973 1492 1018 atque

275 1031 312 1067 in
345 1029 479 1079 pn'mis
511 1029 722 1078 elegiarum
753 1029 881 1071 libros,
914 1029 1054 1078 quibus
1085 1028 1369 1066 adulescentiae
1401 1039 1492 1065 suae

217 1098 276 1131 ιω]
315 1101 465 1126 amores
498 1085 501 1141 i
533 1089 762 1137 complexus
806 1092 881 1135 est,
928 1088 967 1125 in
1008 1088 1149 1138 quibus
1193 1087 1329 1125 miram
1372 1087 1493 1124 fuisse

218 1158 248 1183 l.'·

217 1454 252 1477 ’Μ

220 2050 255 2072 30

274 1149 496 1186 facilitatem
528 1152 644 1197 atque
675 1148 849 1185 adfectus
880 1147 1027 1189 audivi:
1060 1147 1130 1184 hos
1162 1151 1289 1184 tamen
1322 1146 1386 1184 ille
1413 1145 1491 1183 divi

275 1208 447 1245 Platonis
466 1207 645 1256 exemplo
674 1207 881 1244 maturiore
903 1207 1058 1244 iuventa
1078 1206 1248 1243 Volcano
1273 1208 1493 1244 consecrata

276 1268 353 1313 igni
392 1267 619 1315 absumpsit,
661 1266 697 1302 id
737 1266 839 1315 quod
879 1267 1022 1304 factum
1060 1265 1225 1315 epistula
1263 1269 1301 1303 et
1332 1264 1493 1314 pulchro

277 1326 422 1364 Graeco
443 1327 720 1375 epigrammate
742 1325 956 1363 Politianus
976 1324 1234 1374 conqueritur.
1277 1323 1493 1361 Nonnullae

276 1391 402 1424 tamen
453 1386 580 1423 adhuc
635 1385 719 1422 eius
770 1385 894 1434 ipsius
946 1384 1093 1432 elegiae
1142 1383 1343 1432 leguntur,
1395 1394 1494 1432 quae

279 1446 465 1482 bonorum
506 1444 747 1494 quorundam
788 1444 1000 1482 amicorum
1036 1442 1210 1480 custodia
1247 1454 1296 1480 ex
1334 1441 1411 1486 illo,
1452 1445 1493 1478 ut

278 1505 332 1541 sic
364 1504 500 1545 dicam,
534 1503 710 1541 incendio
743 1503 1025 1552 supeffuerunt
1063 1502 1101 1538 in
1133 1502 1274 1551 quibus
1306 1500 1493 1550 quaedam

278 1564 481 1613 perlucens
524 1567 640 1612 atque
683 1563 845 1600 rotunda
887 1561 1121 1599 constructio
1165 1561 1353 1603 cernitur,
1396 1571 1495 1609 quae

279 1623 453 1660 mirabile
471 1622 725 1675 'reliquarum
744 1621 981 1659 desiderium
1001 1620 1173 1658 iniciunt.
1214 1619 1352 1657 Exstat
1371 1618 1495 1668 ipsius

278 1682 399 1728 eleg-ia
443 1682 482 1719 in
520 1681 719 1719 Beuiveuii
761 1685 895 1730 poetae
933 1680 1142 1717 Florentiui
1179 1679 1333 1727 eclogas
1373 1677 1495 1727 patrio

282 1742 385 1779 illius
439 1753 614 1779 sermone
663 1740 916 1789 compositas.
969 1740 1061 1776 item
1109 1739 1229 1776 altera
1277 1737 1325 1775 ad
1369 1737 1494 1775 Deum

279 1801 468 1850 optimum
501 1800 714 1838 maximum
746 1799 1017 1849 deprecatoria.
1079 1798 1160 1835 Has
1193 1800 1344 1846 prae-ter
1380 1808 1496 1834 unam

279 1868 316 1898 et
348 1861 508 1898 alteram
540 1859 775 1909 pereleganti
801 1859 969 1896 (mimine
996 1857 1158 1906 scriptas
1179 1855 1319 1906 puellis
1338 1855 1497 1893 Martiae

280 1925 316 1957 et
358 1919 527 1967 Phyllidi
560 1919 772 1956 Sari-aelius
811 1917 978 1955 ostendit
1016 1916 1109 1954 mihi
1149 1916 1274 1953 scriba
1310 1918 1349 1953 et
1385 1918 1496 1964 poeta

282 1979 429 2016 nobilis.
493 1978 645 2016 Habent
685 1982 723 2015 et
764 1977 827 2014 alii
872 1977 983 2019 alias,
1029 1987 1126 2025 quos
1170 1975 1269 2013 inter
1310 1973 1496 2023 quasdam

281 2037 523 2076 Thebaldeus
555 2041 694 2075 noster.
744 2036 905 2086 Scripsit
937 2040 974 2073 et
1005 2035 1078 2072 alia
1110 2035 1227 2072 Picus
1258 2038 1341 2071 tum
1362 2032 1495 2070 Latina

281 2103 363 2135 tum
397 2097 597 2134 vernacula
632 2096 763 2134 multa.
826 2095 900 2134 Sed
940 2095 987 2132 de
1026 2094 1141 2132 huius
1179 2093 1298 2130 divini
1331 2091 1497 2129 hominis

283 2157 434 2205 ingenio
457 2162 572 2205 atque
592 2155 765 2193 (lm-trina
784 2166 1051 2204 quaecumque
1074 2165 1141 2189 vos
1167 2152 1336 2190 maxima
1355 2150 1497 2199 cogita-

281 2221 378 2257 tote:
426 2216 537 2261 longe
581 2215 681 2252 enim
728 2214 870 2251 maiora
909 2218 1010 2259 sunt,
1051 2224 1166 2262 quam
1210 2216 1250 2248 ut
1291 2222 1363 2259 ego
1402 2209 1498 2247 meis

284 2276 410 2312 verbis
441 2274 642 2324 complecti
678 2273 832 2323 possim.
896 2272 1065 2321 Reliquit
1098 2271 1160 2308 hic
1197 2274 1298 2308 celte
1330 2268 1496 2318 amplam

222 2344 256 2368 ετ»
282 2341 319 2372 ot
351 2335 480 2372 tritam
514 2333 714 2382 nepotibus
747 2333 859 2375 viam,
900 2344 975 2381 qua
1012 2331 1060 2368 ad
1099 2331 1216 2367 bonas
1253 2333 1355 2366 artes
1387 2327 1497 2366 facile
