1696 2661
560 224 773 254 GYRALDvs,
806 225 853 249 m:
885 224 1024 250 rolens.
1378 212 1430 249 83

218 343 437 392 ceterisque
475 342 514 379 id
551 354 686 391 genus.
736 342 845 380 Vivit
881 342 1025 388 adhuc,
1064 345 1107 379 ut
1145 345 1255 390 puto,
1295 341 1363 380 sed
1395 345 1433 379 et

219 402 320 440 inter
369 401 500 439 Gallos
545 405 732 439 versatur.
794 401 969 439 Andreas
1018 400 1181 438 Dactius
1229 400 1432 446 Etruscus,

219 460 432 499 Florentiae
464 464 578 498 natus
599 472 669 509 per
690 464 862 510 tempora
882 460 1009 509 magni
1029 459 1231 497 Laurentii
1250 459 1431 503 Medices,

218 524 262 558 ut
293 532 343 557 ex
374 519 500 568 ipsius
524 519 767 568 poematibus
792 519 940 569 liquido
969 518 1193 568 conspicere
1213 531 1432 568 possumus,

219 591 317 628 quae
354 590 479 628 nuper
514 590 682 616 excussa
718 579 824 628 typis
866 578 1063 616 Arnoldus
1094 577 1277 615 Arlenius
1314 578 1363 615 ad
1394 582 1433 615 te

219 638 317 675 dono
348 637 464 683 misit7
496 642 609 687 poeta
639 638 741 675 inter
771 637 985 675 mediocres
1007 637 1276 675 connumerari
1294 640 1432 686 potest.

218 696 338 734 Varia
357 697 514 746 scripsit
533 696 635 734 haud
657 696 779 734 multa
799 709 887 734 cum
906 709 966 745 re;
997 696 1081 734 eius
1095 699 1223 733 tamen
1245 696 1430 746 quaedam

218 756 296 804 legi
316 757 362 793 ab
385 756 518 793 otiosis
538 760 695 805 queluit.
740 756 798 793 De
819 768 864 794 eo
884 755 981 793 illud
1002 755 1156 802 mirum,
1187 755 1291 804 quod
1311 767 1433 792 senex

219 819 257 852 et
289 827 428 852 caecus
459 815 614 864 publice
647 813 815 852 Graecas
846 815 995 852 litteras
1026 814 1225 864 professus
1259 813 1325 863 sit;
1358 826 1433 851 non

160 882 194 907 10
219 874 363 912 multos
394 877 484 911 ante
516 874 585 911 hos
617 873 700 911 dies
731 873 887 911 interiit.
940 873 1027 911 Fuit
1058 876 1097 911 et
1127 873 1255 922 aliquo
1287 873 1434 910 versifi-

220 937 393 970 catorum
424 944 583 970 munero
604 933 781 970 Andreas
811 933 1030 971 Saranchus
1060 944 1111 970 ex
1138 931 1264 970 Gallia
1293 935 1433 981 togata,

221 992 287 1041 qui
331 1004 393 1029 res
437 996 568 1040 gestas
617 991 764 1029 strenui
813 991 1058 1041 imperatoris
1102 991 1257 1029 Ioannis
1305 990 1433 1028 Iacobi

220 1050 380 1088 Triulcii
427 1051 594 1088 carmine
645 1051 874 1100 complexus
918 1055 979 1088 est
1035 1051 1106 1088 sub
1156 1050 1353 1088 Ludovico
1397 1055 1434 1088 et

219 1110 433 1150 Francisco,
467 1109 665 1147 Gallorum
706 1110 882 1159 regibus3
924 1110 1039 1147 huius
1077 1113 1182 1147 certe
1213 1121 1350 1147 versus
1387 1110 1433 1147 ab

162 1177 194 1203 15
220 1169 268 1206 iis
306 1169 384 1218 legi
420 1172 600 1218 possunt,
639 1169 706 1218 qui
743 1169 827 1206 eius
858 1169 996 1206 aetatis
1027 1169 1207 1206 historias
1238 1169 1303 1206 vel
1334 1169 1434 1206 scire

220 1228 283 1265 vel
315 1228 482 1265 scribere
514 1228 660 1265 volunt.
714 1228 854 1265 Parum
886 1228 980 1265 mihi
1013 1232 1253 1277 compertum
1285 1230 1355 1275 est,
1386 1240 1435 1265 an

220 1286 438 1325 Saranchus
469 1286 543 1324 iste
575 1286 691 1323 huius
723 1287 844 1324 nostri
862 1287 1060 1336 Baptistae
1093 1286 1279 1325 Saranchi
1306 1287 1435 1336 aliqua

220 1345 336 1383 fuerit
357 1345 687 1394 consanguinitate
701 1345 952 1395 propinquus,
973 1346 1039 1396 qui
1060 1345 1100 1383 in
1114 1346 1234 1383 nostri
1248 1345 1434 1395 principis

220 1404 382 1453 collegio
420 1408 601 1454 quattuor
639 1404 810 1442 virm-mn
847 1417 870 1442 a
908 1405 1067 1443 secretis
1114 1409 1153 1442 et
1190 1404 1294 1442 idem
1336 1405 1435 1442 sacri

154 1470 195 1497 ⁷20
221 1463 353 1501 scrinii
384 1464 606 1513 praefectus
637 1468 697 1501 est
739 1468 778 1501 et
815 1464 960 1501 nemini
998 1464 1191 1502 secundus
1222 1464 1263 1501 in
1293 1464 1434 1501 tabulis

219 1522 385 1572 publicis
417 1523 677 1561 conficiendis.
722 1521 796 1570 Qui
827 1527 958 1561 tamen
988 1527 1045 1561 tot
1069 1535 1114 1561 ac
1133 1523 1250 1560 tantis
1270 1523 1435 1572 negotiis

219 1594 341 1631 paene
382 1582 543 1619 obrutus
581 1594 657 1619 non
697 1582 793 1619 nihil
832 1582 1039 1632 aliquando
1077 1581 1277 1620 relaxandi
1316 1582 1436 1619 animi

221 1641 345 1689 gratia
376 1653 417 1679 se
442 1641 567 1678 Musis
598 1641 923 1679 mansuetioiibus
955 1641 1096 1679 dedere
1123 1641 1221 1679 solet
1239 1645 1277 1679 et
1298 1653 1434 1679 versus

220 1700 349 1738 facere
393 1704 432 1738 et
474 1700 620 1738 alienos
662 1700 828 1738 libenter
869 1700 1011 1749 legere.
1079 1700 1240 1749 Legitur
1282 1712 1435 1750 quoque

157 1766 196 1792 25
221 1758 398 1796 Marcelli
444 1759 656 1807 Palingenii
703 1759 853 1797 Stellati
901 1759 999 1797 liber
1045 1759 1269 1797 hexametro
1318 1771 1434 1797 versu

159 1825 221 1859 ,[95]
263 1818 516 1867 conscriptus,
537 1818 600 1855 cui
622 1814 625 1871 Ι
648 1818 784 1855 titulus
805 1822 865 1856 est
884 1818 1073 1856 Zodiacus
1092 1818 1204 1865 vitae,
1231 1818 1434 1855 duodecim

221 1876 482 1914 voluminibus
520 1877 713 1925 digestus⁷
752 1889 917 1926 quorum
955 1877 1119 1926 singulis
1156 1877 1292 1914 titulus
1324 1882 1383 1915 est
1413 1890 1435 1915 a

222 1935 374 1973 nomine
406 1936 584 1973 caelestis
611 1936 722 1984 signi,
752 1936 806 1973 ita
832 1940 876 1974 ut
901 1936 1002 1974 aries
1022 1936 1146 1985 primo
1166 1940 1433 1985 praeponatur.

222 2007 320 2044 opus
352 1994 500 2032 varium
532 1995 745 2044 multisque
776 1996 892 2033 rebus
922 1995 969 2032 ad
989 1995 1298 2033 constituendam
1318 1995 1433 2033 vitam

159 2061 197 2087 ⁴30
223 2054 381 2090 minime
412 2053 604 2091 idoneum.
667 2053 778 2101 Quod
810 2054 883 2091 nisi
915 2054 1080 2103 principi
1112 2058 1242 2092 nostro
1275 2054 1433 2092 Herculi

221 2112 394 2158 Estensi7
426 2112 459 2149 si
490 2112 617 2150 minus
649 2113 757 2150 vobis
789 2113 914 2162 placet
946 2113 1138 2160 Atestino,
1170 2118 1433 2162 nuncupatum

221 2172 336 2218 foret⁷
374 2171 457 2209 eius
495 2171 654 2209 minime
692 2172 972 2215 meminissem:
1015 2185 1104 2209 nam
1145 2176 1184 2209 et
1223 2176 1310 2221 post
1350 2172 1434 2209 eius

221 2234 386 2267 mortem
426 2230 466 2267 in
507 2230 590 2268 eius
629 2230 776 2268 cineres
814 2231 1005 2268 saevitum
1044 2235 1103 2268 est
1140 2232 1186 2268 ob
1224 2231 1434 2280 impietatis

223 2289 381 2326 crimen.
426 2288 698 2338 Superioribus
729 2290 840 2327 annis
872 2290 1019 2327 editum
1050 2290 1124 2328 fuit
1150 2302 1247 2339 opus
1268 2291 1435 2327 carmine

160 2356 196 2381 35
223 2348 486 2397 conscriptum
533 2348 688 2386 Ioannis
738 2349 879 2386 Mariae
924 2349 1107 2387 Velinatii
1158 2349 1335 2386 Flaminii
1386 2349 1434 2387 ‹ch

1183 2417 1221 2451 0*

173 587 193 613 ἐκ
