1701 2672
271 150 323 186 74
675 159 888 194 GYRALDVS,
919 160 968 185 DE
1000 159 1140 185 POETIS.

327 290 464 315 versus
516 279 659 315 faceret
702 282 740 315 et
783 277 977 315 interdum
1021 289 1042 314 e
1086 276 1232 314 Graeco
1280 276 1320 313 in
1362 276 1544 314 Latinum

327 338 569 383 transferret,
614 342 697 374 tum
740 336 781 373 in
823 336 982 373 iuvenili
1033 347 1103 373 sua
1145 340 1268 373 aetate
1311 347 1386 373 non
1430 335 1544 373 modo

268 403 327 438 [μῦ]
369 396 572 433 meditatos
592 400 727 444 argute
758 400 796 432 et
827 395 937 432 docte
960 392 963 447 1
986 394 1212 443 composuit,
1245 394 1313 432 sed
1344 394 1470 442 etiam,
1503 397 1546 432 ut

286 523 301 547 Γ)

269 819 302 842 111

269 1113 300 1138 15

267 1408 302 1434 211

269 1704 302 1729 25

268 2002 303 2024 :w

328 467 441 504 saepe
484 455 579 491 mihi
623 465 838 491 memorare
883 453 1018 491 solitus
1065 453 1154 495 fuit,
1199 466 1249 491 ex
1291 458 1464 502 tempore
1507 456 1545 490 et

328 513 658 563 impraemeditata
702 513 871 550 carmina
914 512 1061 550 cecinit.
1132 512 1221 550 Fuit
1259 517 1297 550 et
1339 524 1410 561 per
1451 512 1545 550 llaec

327 580 499 622 tempora
513 572 712 620 Vergilius
735 572 888 614 Portus,
921 571 1095 609 medicus
1114 576 1152 609 et
1172 576 1285 620 poeta
1302 570 1544 618 Mutinensis,

327 632 437 669 cuius
480 643 618 669 versus
662 631 890 679 legebantur
933 642 995 668 me
1037 630 1302 679 adulescente3
1353 630 1545 668 Bononiae

327 691 366 727 in
386 690 521 740 primis
535 690 645 727 vixit.
679 690 849 738 Cognovi
870 694 907 727 et
927 690 1071 727 Romae
1089 689 1119 726 F
1122 689 1338 727 ranciscum
1357 689 1545 727 Arsilliun

328 749 673 797 Senogalliensem,
739 749 969 786 medicinam
1028 749 1273 797 profitentem
1339 752 1377 786 et
1429 748 1545 786 simul

327 809 536 858 1i⁴⁷>etic31n3
582 808 724 857 legitur
764 808 847 845 eius
887 808 1008 856 elegia
1049 807 1097 845 de
1138 807 1260 856 poetis
1296 807 1454 844 urbanis
1486 807 1546 844 sui

327 868 530 917 temporis,
571 868 663 905 item
705 867 904 916 proloquia
945 866 1192 916 Hippocratis
1237 866 1330 904 satis
1369 866 1546 915 apposito

327 939 453 965 versu.
515 927 641 964 Homo
678 926 781 974 frugi
812 926 885 964 fuit
915 931 953 963 et
985 929 1225 974 contemptor
1255 937 1368 963 aurae
1399 925 1545 963 aulicae

326 991 364 1024 et
396 986 558 1035 perinde
590 997 707 1034 parvo
738 985 776 1022 in
809 985 932 1034 pretio
964 985 1128 1022 habitus,
1191 984 1291 1022 Sunt
1327 988 1375 1031 et,
1409 984 1441 1022 si
1471 983 1546 1021 diis

327 1045 465 1094 placet,
498 1045 566 1094 qui
586 1044 835 1091 Quintianum
869 1044 999 1082 Stoam
1019 1048 1057 1081 et
1077 1044 1242 1092 Scopam
1261 1043 1546 1092 grammatistas

327 1105 426 1141 inter
458 1110 591 1153 poetas
623 1108 916 1150 connumerent,
948 1115 1038 1140 cum
1069 1103 1197 1152 potius
1228 1103 1329 1140 inter
1359 1102 1546 1151 gloriosos

328 1163 539 1201 nebulones
580 1168 618 1200 et
660 1163 867 1200 maledicos
911 1162 1121 1211 reponendi
1165 1162 1258 1209 siut,
1302 1162 1369 1211 qui
1415 1166 1546 1199 tamen

328 1228 366 1260 et
402 1222 477 1271 ipsi
514 1222 663 1271 aliquos
701 1222 801 1259 nacti
840 1226 929 1259 sunt
971 1221 1029 1259 sui
1070 1225 1278 1269 amatores:
1321 1221 1368 1259 de
1405 1221 1546 1270 quibus

328 1283 365 1319 in
408 1282 622 1330 praesentia
664 1281 759 1318 nihil
800 1281 904 1318 aliud
946 1293 1062 1330 quam
1106 1280 1227 1318 obiter
1268 1279 1407 1318 Catulli
1449 1279 1546 1317 illud

327 1341 498 1378 imitatus
530 1341 676 1377 dicam:

530 1399 629 1437 Cum
662 1400 742 1437 suis
774 1399 905 1436 vivant
936 1399 1164 1448 valeantque
1195 1398 1340 1448 amicis,

531 1458 635 1506 Quos
668 1458 738 1495 silai
770 1458 884 1506 nugis
916 1458 1019 1496 trivii
1051 1463 1244 1507 pararunt.

328 1518 404 1555 Sed
453 1518 500 1556 de
554 1518 615 1554 his
662 1518 739 1554 iam
785 1517 874 1566 plus
921 1517 1038 1554 satis,7
1123 1517 1205 1554 Hos
1251 1529 1340 1554 cum
1390 1516 1547 1555 Riccius

327 1583 687 1623 commemorasset,
736 1576 884 1623 Quid?
930 1576 1087 1625 inquam
1131 1588 1220 1624 ego,
1266 1587 1370 1613 *num
1401 1575 1545 1613 Iuh'um

329 1636 535 1675 Camillum
566 1641 678 1673 11111111
699 1636 757 1673 vis
778 1636 1015 1685 praeterire?
1054 1635 1104 1672 Et
1136 1640 1178 1672 tu
1198 1635 1326 1681 Forte,
1359 1635 1424 1684 qui
1457 1647 1547 1673 cum

329 1707 374 1733 eo
395 1695 460 1732 diu
488 1707 530 1733 es
551 1696 751 1732 versatus?
783 1695 866 1732 Hoc
896 1708 963 1744 pro
984 1695 1092 1731 vobis
1111 1706 1182 1743 ego
1203 1706 1364 1731 munere
1383 1694 1546 1743 fungar?

326 1754 375 1792 Et
409 1755 525 1791 simul
552 1754 674 1801 *Eum
703 1754 877 1803 inquam,
905 1754 1040 1791 *lulius
1067 1753 1254 1791 Camillus
1274 1753 1547 1791 Foroiuliensis

330 1814 555 1863 psdyhistor„
588 1814 654 1863 qui
685 1813 723 1850 111
756 1813 970 1862 disciplinis
990 1825 1110 1850 novas
1136 1813 1322 1862 quasdam
1343 1812 1547 1850 methodos

329 1886 369 1909 se
402 1873 597 1910 invenisse
629 1873 864 1921 gloriabatur
895 1878 938 1910 ut
969 1873 1163 1910 theatrum
1196 1872 1291 1909 illud
1312 1884 1437 1917 suum7
1470 1883 1546 1922 quo

329 1932 558 1970 miraculose
590 1932 793 1969 conclusas
814 1931 1038 1981 disciplinas
1058 1931 1314 1981 praedicabat,
1346 1931 1394 1968 ad
1421 1935 1546 1969 osten-

329 1991 510 2029 tationem
556 1996 593 2028 et
637 1997 841 2041 quaestum
886 1990 1014 2040 potius
1062 2003 1176 2040 quam
1221 1990 1269 2027 ad
1313 1990 1547 2028 erudiendos

328 2050 507 2088 credulos
551 2050 833 2088 adulescentes.
889 2050 998 2087 Vnde
1043 2062 1117 2087 non
1160 2049 1272 2086 modo
1312 2050 1358 2086 ab
1400 2049 1545 2094 amicis,

329 2110 396 2147 sed
434 2114 472 2146 et
504 2122 524 2146 a
560 2109 796 2159 principibus
829 2109 921 2146 viris
961 2109 1147 2157 grandem
1187 2108 1389 2158 pecuniam
1431 2109 1547 2146 inter-

328 2169 419 2205 dum
453 2169 717 2218 extonpiebat.
772 2169 859 2205 Vidi
893 2181 984 2205 vero
1027 2168 1111 2205 eius
1152 2168 1338 2217 pleraque
1377 2167 1543 2205 carmina

329 2240 415 2264 vum
444 2227 579 2265 Latina
611 2232 693 2265 tum
715 2228 930 2265 vei-nacula.
964 2240 1038 2264 non
1070 2227 1262 2264 inerudita
1294 2227 1357 2264 illa
1379 2227 1546 2276 quidem.

268 2295 302 2319 ·-;.·‚
330 2287 397 2325 sed
431 2287 540 2336 quasi
572 2287 703 2324 invitis
722 2287 846 2325 Musis
867 2293 903 2324 ct
923 2287 1097 2325 Minerva
1128 2286 1350 2335 composita7
1383 2297 1546 2336 quorum
