1696 2661
186 815 218 840 10

591 156 804 189 GYRAans,
836 156 884 181 DE
916 156 1055 182 POETIS.
1405 146 1456 182 65

244 287 306 313 me
356 287 474 324 puero
518 274 693 312 Conrado
744 274 840 312 Celti
884 273 1066 312 Protucio
1110 273 1372 321 deferebatur,
1416 278 1459 312 ut

244 334 306 383 qui
352 340 390 371 et
431 334 513 382 ipse
554 346 628 370 non
672 333 796 371 solum
836 333 875 370 in
914 333 1078 382 poetica.
1118 344 1253 370 verum
1295 338 1333 370 et
1373 333 1458 370 aliis

244 393 352 430 bonis
395 392 609 442 disciplinis
652 405 726 430 non
767 392 863 429 nihil
908 391 1121 429 ornamenti
1163 392 1267 440 apud
1308 396 1458 429 nostros

245 451 455 489 Germanos
495 451 671 489 adferret.
732 451 828 500 Legi
871 451 954 500 ipse
998 450 1130 500 utique
1170 451 1252 488 eius
1290 451 1460 488 carmina

244 522 319 548 non
356 523 493 560 parum
531 511 670 556 inulta,
710 523 824 560 quae,
863 511 895 547 si
926 515 1095 557 vacaret,
1132 509 1289 558 possitis
1319 510 1458 558 legere.

243 570 332 607 Fuit
369 575 406 607 et
446 570 695 608 Sebastianus
727 569 832 607 Ticio
865 568 1081 607 Germanus
1112 571 1161 606 ex
1194 569 1458 617 Argentorato,

243 629 308 678 qui
341 641 460 678 paene
492 629 639 666 infinita
670 633 844 678 poemata
864 628 967 678 apud
987 640 1077 665 suos
1099 628 1262 676 scripsit,
1295 640 1459 676 quorum

244 688 432 737 quaedam
451 688 491 725 in
511 688 662 725 Italiam
687 688 845 725 advecta
878 691 920 724 ut
945 687 1147 724 Rosarium
1168 687 1278 724 divae
1297 687 1459 735 virginis

243 747 375 784 matris
420 747 648 797 sapphicum
685 752 722 784 et
759 747 896 793 Navis,
935 758 1032 795 quae
1071 746 1259 783 stultifera
1290 750 1458 783 vocatur.

244 806 313 844 Est
344 812 382 844 et
413 818 489 843 non
521 806 788 843 contemnendi
828 805 994 843 nominis
1025 805 1254 854 Rudolphus
1285 804 1459 853 Langius

186 872 242 907 [τῦ]
284 865 323 902 in
356 864 516 902 Germa-
539 871 541 919 ς
564 866 638 903 nia,
669 865 780 902 cuius
811 865 920 914 plura
941 864 1124 913 leguntur
1143 864 1322 901 carmina.
1372 864 1459 901 Fuit

203 973 208 978 .
243 929 281 962 et
312 924 468 961 Brixius
499 936 549 961 ex
580 924 713 962 eadem
752 928 881 961 nostra
919 923 1140 970 Germania,
1178 924 1292 960 hoino
1323 923 1458 960 Latine

189 1110 218 1135 15

184 1404 218 1430 20

184 1996 219 2021 31»

184 2291 218 2316 35

243 988 280 1021 et
313 982 458 1021 Graece
490 983 582 1020 satis
622 983 775 1020 doctus:
819 988 971 1032 praeter
1001 995 1062 1029 ea,
1094 995 1191 1032 quae
1223 994 1272 1019 ex
1313 981 1459 1020 Graeco

244 1042 380 1080 Latina
422 1043 529 1087 fecit,
573 1054 710 1080 versus
750 1042 881 1089 etiam,
926 1054 1089 1091 quorum
1130 1041 1334 1078 nonnullos
1376 1041 1459 1090 ipse

245 1101 332 1150 legi,
352 1102 567 1150 composuit
590 1101 887 1150 haudquaquam
910 1101 1111 1138 Musarum
1131 1113 1223 1138 aura
1243 1100 1458 1138 destitutos.

242 1160 501 1198 Reuchlinum
533 1165 571 1198 et
601 1160 836 1197 Bilibaldum
866 1160 974 1197 vobis
1012 1172 1088 1197 non
1127 1171 1323 1206 recenseo,
1364 1159 1459 1196 iuris

244 1219 401 1268 quidem
450 1219 536 1257 illos
579 1220 722 1268 peritos
772 1228 809 1256 et
851 1219 982 1267 legum
1030 1219 1327 1267 linguarumque
1370 1231 1459 1255 cum

245 1278 412 1316 Graecae
455 1283 538 1316 tum
579 1278 776 1315 Hebraeae
816 1282 853 1315 et
893 1278 1068 1325 Latinae,
1113 1290 1210 1327 quos
1251 1278 1340 1315 Pico
1381 1282 1458 1323 tuo,

242 1337 328 1384 Lili,
360 1337 578 1375 carissimos
609 1337 729 1375 fuisse
760 1337 953 1385 intellego.
998 1337 1141 1374 Eorum
1173 1342 1300 1374 tamen
1322 1348 1458 1374 versus

244 1397 364 1434 haheo
396 1396 541 1442 nullos,
575 1408 674 1445 quos
706 1398 917 1445 proferam:
960 1396 1169 1433 {mdix-Lex
1199 1395 1340 1433 nostris
1371 1395 1459 1433 illos

243 1467 317 1492 non
351 1453 567 1502 ἀμούσους
592 1455 722 1493 fuisse.
765 1455 882 1504 Apud
902 1455 1065 1493 Batavos
1084 1455 1271 1492 Martinus
1291 1454 1459 1503 Dorpius

242 1515 282 1552 in
320 1515 423 1552 omni
463 1516 543 1552 fere
585 1515 814 1563 scri13›tor1nn
852 1526 992 1563 genere
1030 1514 1223 1561 laudatur,
1265 1513 1332 1551 sed
1369 1526 1459 1551 cum

243 1574 377 1611 altiora
407 1586 496 1611 eum
534 1579 577 1611 ut
609 1573 825 1622 superiores
865 1573 989 1611 studia
1021 1585 1097 1610 non
1128 1573 1223 1610 nihil
1254 1572 1458 1620 avocarint,

243 1638 327 1670 tum
357 1645 461 1670 mors
492 1645 750 1682 praepropera
779 1645 801 1670 a
833 1632 1033 1670 scribendo
1064 1632 1234 1669 retraxit.
1296 1631 1459 1680 Egidius

204 1700 214 1714 ⁷
245 1704 397 1741 quoque
428 1692 621 1741 Delphus,-
663 1691 720 1728 vir
752 1691 1044 1740 Transalpinus,
1086 1691 1206 1728 multa
1246 1691 1459 1728 eruditione

243 1751 440 1800 praeditus
480 1756 518 1789 et
555 1751 651 1788 mira
681 1751 719 1788 in
752 1751 965 1800 pangendis
1003 1750 1237 1788 carminibus
1267 1750 1457 1797 facilitate,

245 1809 313 1847 sed
355 1822 432 1848 non
481 1810 602 1847 multa
652 1822 739 1847 cum
784 1822 835 1847 re.
908 1809 1017 1847 Felix
1055 1809 1179 1858 magis
1210 1809 1458 1846 Hermannus

245 1869 438 1906 Buschius
457 1874 495 1907 et
515 1869 639 1907 soluta
654 1869 767 1906 simul
782 1869 966 1915 oratione,
982 1868 1142 1906 Crittius
1156 1880 1245 1905 vero
1259 1872 1458 1917 promptae

243 1928 434 1965 facilitatis
484 1933 521 1965 et
561 1940 680 1977 paene
718 1928 990 1977 extemporalis
1031 1940 1116 1965 esse
1157 1927 1306 1965 dicitiu‘.
1382 1927 1458 1965 Sed

243 1987 383 2025 horum
424 1987 564 2036 scripta
605 1987 701 2024 mihi
736 1987 840 2024 haud
876 1987 1004 2035 legere
1042 1986 1200 2035 contigit
1231 1991 1269 2024 et
1300 1986 1486 2039 perinde

243 2046 352 2084 vobis
383 2050 532 2084 tantum
563 2046 693 2084 audita
724 2046 857 2084 refero.
918 2045 1111 2083 Nonnulla
1151 2045 1305 2095 quidem
1339 2045 1459 2082 Vlrici

244 2105 408 2143 Hutteni
438 2106 532 2154 legi,
572 2118 669 2154 quae
700 2117 776 2142 non
803 2105 884 2142 sine
915 2105 1042 2154 aliqua
1073 2104 1252 2142 facilitate
1285 2108 1374 2141 sunt
1412 2104 1459 2141 de

244 2164 291 2202 iis
334 2164 374 2201 in
416 2165 648 2214 praesentia,
699 2176 796 2213 quae
840 2164 964 2202 soluta
1013 2164 1179 2201 oratione
1222 2163 1457 2212 perscripsit,

245 2223 396 2272 quando
440 2236 489 2261 ex
532 2223 579 2261 iis
622 2223 899 2261 intolerabilem
944 2235 1013 2260 nec
1054 2223 1249 2260 ferendam
1292 2222 1458 2259 hominis

244 2283 506 2331 adrogantiam
550 2283 710 2331 conlegi.
784 2282 857 2320 Hic
895 2289 931 2320 et
968 2282 1005 2319 in
1045 2294 1159 2319 versu
1209 2286 1247 2319 et
1290 2281 1458 2319 carmine

256 2361 322 2388 Lat.
342 2361 626 2388 Litteraturdenkm.
649 2362 692 2387 10.
1223 2351 1242 2381 Γ)
