1696 2661
603 181 817 217 GYRALDvs,
849 181 897 206 ni:
928 180 1068 206 POETIS.
1424 170 1474 206 91

261 299 405 337 Zanchi
419 299 544 348 ipsius
565 298 755 348 epistulis.
787 298 993 336 Praeterea
1002 298 1213 335 Antonium
1228 297 1477 335 Franciscum

261 358 485 396 Rainerium
537 357 888 405 Mediolanensem,
943 357 1183 394 Honoratum
1237 356 1478 397 Tasitelium,

260 418 482 466 Augustum
498 416 755 454 Cocceianum
770 416 1027 463 Brixiensem,
1049 415 1268 454 Gabrielem
1283 415 1477 453 Taernum

262 476 584 524 Cremonensem,
639 475 849 513 Antonium
894 475 1085 524 Vulpium
1132 475 1482 521 Novocomensem,

219 544 235 569 :3
260 534 511 572 Parthenium
530 535 804 572 Paravicinum
834 539 952 584 atque
983 534 1113 584 ipsum
1129 534 1477 580 Novocomensem,

261 593 473 642 Georgium
516 594 701 631 Iodocum
744 594 997 642 Bergammn,
1041 593 1237 642 Angelum
1281 592 1477 630 Perotium

261 652 496 700 Camertem,
537 653 801 691 Ptolemaeum
841 652 1012 690 Gallium
1051 652 1295 699 Comensem,
1333 651 1477 688 Iulium

260 712 467 749 Feroldum
507 712 825 759 Cremonensem,
868 711 1119 749 Franciscuin
1155 711 1401 748 Manfredum
1440 714 1478 748 et

259 771 390 820 ipsum
441 771 760 817 Cremonensem,
815 771 999 808 Ioannem
1054 771 1219 808 Paulum
1270 770 1479 807 Amanium

204 838 235 863 κ)
261 830 524 877 Cremensem,
544 830 710 868 Paulum
730 830 921 867 iuniorem
941 835 979 867 et
998 830 1143 867 Iulium
1157 829 1297 879 Iovios,
1316 829 1476 866 Fabium

260 889 578 927 Benevolentium
600 889 820 937 Senensem,
852 889 1137 937 Hieronymum
1162 888 1359 937 Olgiatum
1384 888 1482 925 Per-

261 960 481 996 cussorem,
543 948 805 986 Landiianum
866 948 1214 988 Mediolanensem,
1282 947 1479 984 Andrean]

260 1008 492 1056 Angulium,
525 1007 736 1045 Antonium
756 1007 943 1054 Vaccam,
972 1007 1182 1045 Antonium
1214 1006 1478 1051 Sanfelicium,

259 1066 476 1104 Placidium
488 1067 769 1113 Placentinum,
782 1066 1024 1104 Ludovicum
1036 1066 1284 1103 Dominicum
1297 1070 1335 1103 et
1347 1065 1478 1114 ipsum

202 1133 234 1160 15
259 1125 541 1172 Placentinum,
560 1126 743 1163 Ioannem
756 1125 974 1174 Baptistam
993 1124 1169 1171 Gabium,
1188 1124 1479 1163 Ferdinandum

260 1184 462 1222 Balanium
473 1185 659 1231 Siculum,
670 1185 829 1222 Fabium
839 1184 1023 1233 Segnium
1034 1184 1309 1231 Florentinum,
1317 1183 1478 1220 Petrum

260 1243 463 1281 Alvarium
506 1244 742 1291 Romanum,
788 1243 964 1281 Laelium
1010 1243 1218 1290 Caranum,
1267 1242 1482 1280 Martinum

257 1302 986 1349 CromerumSarmatam,Alexandrum
996 1300 1477 1352 SuitenumGermanum.³]

348 1360 497 1408 Quibus
537 1361 593 1398 sic
630 1374 653 1399 a
689 1361 822 1399 Riccio
863 1362 1054 1411 expositis
1092 1361 1347 1399 Antimachus
1389 1361 1483 1398 snb-

200 1428 234 1454 20
260 1420 380 1458 didit:
420 1421 648 1470 ‘Postquam
687 1433 729 1458 es
767 1420 807 1457 in
838 1420 912 1458 isto
945 1421 1100 1458 dicendi
1131 1432 1266 1467 cursu,
1305 1432 1326 1456 0
1357 1419 1478 1465 Ricci,

202 1486 278 1521 [103]
317 1479 365 1517 de
401 1480 611 1517 academiis
650 1480 766 1517 etiam
803 1479 949 1529 aliquid
990 1480 1030 1517 in
1070 1479 1243 1517 mediiun
1277 1477 1282 1531 Ι
1315 1479 1478 1525 adferas,

260 1550 358 1588 quae
399 1539 460 1576 his
501 1539 612 1576 annis
654 1539 843 1588 proximis
881 1539 922 1576 in
959 1539 1107 1588 aliquot
1142 1539 1280 1576 Italiae
1317 1537 1478 1575 urbibus

260 1597 492 1635 constitutae
542 1598 655 1635 sunt.'
727 1598 799 1636 Cui
849 1598 905 1635 sic
947 1598 1106 1635 Riccius
1155 1610 1230 1636 non
1274 1602 1478 1635 cunctatus

259 1657 482 1706 respondit:
525 1657 593 1694 ‘De
624 1657 851 1704 academiis,
885 1669 983 1706 quae
1015 1657 1055 1694 in
1088 1657 1285 1706 plerisque
1316 1656 1478 1693 urbibus

200 1724 234 1749 ‘25
259 1720 411 1753 erectae
452 1720 560 1763 simt,
602 1716 701 1753 nihil
740 1716 779 1753 in
818 1716 1048 1754 universum
1087 1721 1257 1754 statuere
1296 1727 1477 1765 possum3

260 1787 350 1812 nam
381 1775 470 1812 illae
492 1775 649 1825 (liudem
670 1776 836 1812 multum
858 1775 1074 1824 splendoris
1094 1788 1138 1813 ac
1160 1775 1261 1812 lucis
1283 1775 1483 1824 praeferre⁴

261 1833 512 1881 videbanttff,
556 1834 625 1871 sed
668 1834 783 1883 paulo
826 1839 916 1883 post
958 1834 998 1871 in
1042 1835 1194 1871 fumum
1238 1838 1276 1871 et
1317 1833 1478 1871 nebulas

259 1897 508 1930 evanuerunt.
579 1893 728 1931 Verum
777 1897 814 1931 et
862 1906 995 1931 earum
1045 1893 1290 1941 cognomina,
1342 1893 1478 1942 quales

260 1956 395 1990 essent
424 1952 590 2000 futurae,
623 1952 911 2001 significabant3
945 1965 1064 2002 (piare
1092 1953 1140 1990 de
1172 1952 1234 1989 his
1253 1953 1341 1989 nolo
1361 1952 1478 1989 verba

200 2018 235 2045 30
259 2010 458 2049 faciamus.
507 2011 606 2048 Nam
639 2011 827 2060 quaedam
849 2011 917 2048 vix
936 2011 1138 2049 inchoatae
1159 2023 1246 2049 esse
1268 2011 1478 2058 desierlmt,

260 2074 304 2107 ut
335 2082 451 2119 (fliam
484 2070 634 2119 erigere
665 2070 731 2107 hic
758 2070 925 2108 Albinus
955 2071 1106 2108 Lollius
1139 2070 1255 2108 enixe
1287 2070 1487 2117 studebat(

260 2128 310 2166 de
342 2141 417 2178 qua
449 2133 578 2166 exstat
610 2133 649 2167 et
678 2129 823 2178 legitur
854 2130 973 2167 oratio
996 2130 1146 2167 Ferrini
1178 2129 1301 2167 nostri
1323 2135 1363 2167 et
1382 2129 1477 2167 item

259 2188 380 2225 altera
410 2188 536 2237 ipsius
566 2188 692 2226 Lollii.

348 2246 453 2295 Ergo
473 2247 522 2284 de
541 2247 667 2296 poetis
698 2252 853 2285 nostrae
885 2248 1022 2285 aetatis
1048 2248 1316 2297 perficiamus3
1350 2247 1398 2285 de
1416 2247 1483 2284 his

201 2313 235 2339 35
260 2305 471 2343 academiis
501 2306 597 2344 alias
630 2318 805 2344 seorsum
837 2318 926 2344 clun
948 2307 1038 2356 plus
1059 2307 1125 2345 otii
1146 2307 1274 2353 fuerit,
1306 2318 1483 2355 agemus,
