1696 2661
570 208 784 243 GYRAans,
817 209 864 233 DE
896 208 1036 233 rorms.
1395 197 1444 234 51

231 327 492 373 continerent,
545 326 672 363 onmia
721 327 924 363 facturum.
1007 325 1236 374 Indignatus
1288 326 1450 363 Latinus

235 386 328 424 adiit
359 385 590 423 cardinalem
623 385 666 422 D.
699 385 827 433 Xysti,
861 385 928 434 qui
967 397 1011 422 eo
1044 385 1195 422 biennio
1227 386 1310 423 eius
1342 385 1450 422 fami-

234 445 338 482 liaris
356 445 529 494 privatus
546 457 566 481 a
582 445 810 481 Bessarione
836 445 961 481 fuerat
982 444 1248 481 Minofitarum
1275 444 1449 481 Francis-

241 515 422 541 canorum
467 503 652 552 magister
693 503 888 551 generalis
940 506 1092 540 creatus
1135 507 1173 540 et
1225 504 1272 540 ab
1315 503 1449 541 eodem

193 571 215 596 5
240 563 366 600 minor
396 563 571 611 pontifex
602 563 727 600 factus
760 567 798 600 et
830 562 986 600 demum
1025 574 1093 599 sua
1134 558 1362 600 auctoritate
1401 563 1449 599 ad

241 621 525 670 amplissimum
570 622 745 659 ordinem
795 621 1052 658 cardinalatus
1108 621 1358 670 adsumptus,
1402 622 1449 659 ab

238 692 360 730 eoque
381 681 501 729 petiit,
525 693 624 730 quae
647 693 764 730 supra
784 681 884 717 dicta
907 684 1016 717 sunt:
1051 680 1084 717 si
1105 692 1174 717 Suo
1195 680 1448 729 chirographo

239 740 465 777 confirmare
486 740 707 789 placuisset,
740 739 865 777 omnia
887 752 955 777 sua
979 739 1163 787 suffragia
1195 752 1235 777 se
1257 739 1448 777 daturum.

239 798 310 836 Ille
352 811 428 836 non
469 799 535 836 diu
573 802 775 836 cunctatus
814 798 1044 847 subscripsit
1085 798 1247 847 iureque
1288 798 1449 835 iurando

174 866 212 891 10
239 869 281 895 se
310 858 437 895 omnia
459 859 651 895 facturum
682 862 721 895 et
747 857 887 895 maiora
918 857 1111 906 pollicitus
1137 861 1197 895 est
1228 857 1281 894 nil
1304 857 1449 895 veritus

237 917 389 965 patroni
430 917 659 966 amplissimi
691 916 962 963 reverentiam,
996 916 1061 966 qui
1090 928 1178 953 eum
1210 917 1258 953 ad
1299 920 1449 954 tantum

239 976 438 1024 dignitatis
471 976 634 1024 gradum
666 980 857 1013 evexerat.
918 975 1026 1013 Adeo
1057 988 1194 1013 verum
1231 980 1307 1021 est,
1346 976 1447 1025 quod

237 1048 259 1072 a
291 1035 459 1072 maximo
492 1040 691 1084 poetarum
725 1035 772 1072 de
797 1035 1004 1083 Liguribus
1033 1039 1229 1072 cantatum
1260 1040 1329 1072 est.
1374 1035 1449 1072 Alii

237 1106 328 1131 vero
361 1095 459 1131 hanc
491 1094 691 1132 historiam
728 1094 768 1131 in
807 1094 1009 1131 Nicolaum
1053 1094 1236 1131 Perotum
1267 1095 1448 1136 referunt,

179 1161 212 1186 15
239 1153 317 1202 qui,
358 1166 447 1191 cum
491 1165 511 1190 a
557 1153 731 1190 cubiculo
772 1153 1010 1190 Bessarionis
1054 1157 1172 1195 esset,
1217 1153 1449 1190 cardinalem

238 1212 512 1249 Bessarionem
543 1212 699 1261 adloqui
731 1212 904 1250 volentes
942 1212 989 1249 de
1021 1212 1076 1249 illi
1107 1212 1293 1249 tradendo
1326 1212 1449 1261 ponti-

236 1271 353 1308 ficatu
402 1271 660 1308 intromittere
713 1271 877 1308 noluerit
941 1271 1127 1309 adserens
1182 1271 1449 1308 Bessarionem

236 1329 373 1367 studiis
395 1334 635 1379 occupatum.
681 1330 743 1367 Illi
769 1330 956 1379 indignati
977 1330 1148 1377 Xystum
1179 1330 1307 1368 adiere
1338 1330 1449 1379 eique

236 1389 481 1438 pontificatus
507 1389 691 1427 honorem
711 1389 940 1427 detulerunt.
995 1388 1106 1436 Quod
1137 1401 1226 1426 cum
1245 1389 1449 1427 Bessarion

175 1455 210 1481 ‘20
235 1448 458 1495 audivisset,
502 1448 642 1486 Peroto
686 1448 832 1486 dixisse
870 1449 1018 1486 ferunt:
1064 1448 1122 1485 Tu
1155 1448 1259 1495 mihi,
1300 1448 1448 1493 Perote,

234 1507 370 1544 tiaram
418 1512 456 1545 et
502 1507 570 1544 tibi
617 1507 791 1556 galerum
834 1519 1073 1557 purpureum
1115 1507 1226 1545 hodie
1268 1508 1339 1545 hac
1383 1512 1449 1545 tua

236 1566 434 1615 diligentia
485 1567 671 1615 eripuisti.
751 1567 842 1604 Mox
892 1567 1044 1615 Xystus
1099 1567 1273 1615 pontifex
1323 1567 1448 1604 factus

238 1625 507 1663 Bessarionem
539 1626 609 1663 sub
642 1626 769 1675 specie
788 1626 971 1663 honestae
990 1626 1191 1674 legationis
1223 1626 1262 1663 in
1284 1625 1448 1663 Galliam

234 1684 356 1731 misit,
400 1685 503 1722 unde
552 1685 704 1722 rediens
756 1685 963 1722 Ravennae
1016 1685 1192 1722 decessit.
1272 1685 1360 1722 Fuit
1411 1689 1449 1722 et

167 1750 210 1777 ⁴25
236 1743 401 1781 Ioannes
432 1744 633 1791 Moschus,
672 1748 897 1793 praeceptor
940 1756 1066 1791 meus,
1110 1744 1448 1789 Lacedaemonius,

169 1808 236 1844 ,[60]
270 1802 330 1839 vir
359 1800 362 1853 Ι
392 1814 482 1840 sane
514 1803 553 1839 in
583 1803 684 1840 omni
716 1806 754 1840 et
774 1803 959 1840 virtutum
982 1808 1020 1841 et
1042 1803 1289 1840 scientiarum
1308 1815 1448 1851 genere

237 1873 313 1898 non
345 1861 471 1899 solum
503 1873 586 1899 meo
616 1862 769 1909 iudicio,
802 1862 869 1899 sed
901 1862 1016 1899 totius
1042 1861 1222 1900 Graeciae
1254 1862 1448 1900 excellen-

236 1920 422 1967 tissimus,
457 1921 528 1957 sub
561 1921 670 1958 cuius
706 1921 910 1970 disciplina
941 1921 1246 1971 quinquennium
1277 1926 1448 1959 moratus

237 1990 343 2027 sum,
378 1979 487 2017 cuius
520 1980 692 2017 studium
722 1980 763 2016 in
793 1992 854 2018 me
885 1985 964 2018 tam
997 1980 1191 2029 singulare
1214 1980 1373 2025 exstitit,
1406 1985 1448 2017 ut

167 2046 213 2071 30
240 2050 315 2075 non
358 2043 662 2087 praeceptorem,
719 2039 786 2076 sed
840 2043 1043 2088 parentem
1095 2044 1231 2077 nactus
1284 2039 1446 2077 viderer.

237 2097 351 2134 Hunc
383 2109 474 2146 ergo
506 2098 553 2135 ob
586 2097 822 2146 singularem
853 2098 936 2136 eius
968 2091 1180 2136 doctrinam
1214 2102 1253 2136 et
1283 2098 1447 2148 politiun

239 2156 391 2194 dicendi
423 2169 547 2205 genus
578 2169 667 2194 cum
700 2157 824 2194 soluta
855 2157 1025 2195 oratione
1064 2157 1255 2195 scribendi
1292 2162 1377 2194 tum
1408 2157 1446 2194 in

236 2215 450 2264 pangendis
492 2216 724 2253 carminibus
762 2228 851 2254 cum
882 2216 1245 2254 Thessalonicenses
1276 2216 1325 2254 ad
1357 2216 1447 2253 civi-

236 2277 355 2311 tatem
385 2274 491 2312 illam
521 2275 801 2324 amplissimam
840 2280 956 2325 atque
988 2275 1319 2324 opulentissimam
1362 2287 1447 2312 eru-

166 2341 212 2366 35
238 2333 417 2370 diendam
449 2334 602 2382 publica
645 2334 810 2383 pecunia
852 2334 1145 2381 conduxissent,
1190 2334 1283 2372 dum
1320 2335 1446 2372 itineri

1166 2402 1208 2435 4*
