1701 2672
194 168 250 208 42
596 181 808 209 GYRALDvs.
841 182 888 207 m:
920 182 1060 209 Porrus.

253 299 293 335 in
333 299 550 348 pangendis
591 299 826 337 carminibus
867 299 964 337 mira
1004 300 1187 338 facilitate
1229 305 1267 338 et
1306 301 1468 350 argutia,

252 369 329 395 non
349 358 433 395 sine
453 358 598 407 lepore.
626 358 815 396 candidus
845 364 970 407 poeta.
1003 359 1073 397 sed
1096 364 1134 397 et
1154 360 1279 398 soluta
1298 360 1468 398 oratione

253 428 378 466 neque
398 417 526 454 infans
539 429 666 466 neque
686 417 895 465 inelegans.
916 422 958 455 ut
978 418 1063 455 eius
1084 418 1123 455 in
1143 422 1309 469 utroque
1325 431 1469 467 genere

252 475 397 524 scripta
441 476 649 513 declarant.
713 477 763 514 At
800 477 829 513 F
831 477 1049 514 ram-iseum
1085 477 1248 515 Mariam
1288 478 1468 516 Moleiam

208 542 226 566 7»
252 534 512 573 Mutinensem
554 539 593 572 et
623 535 798 573 Marcum
829 536 1041 573 Antonium
1073 536 1303 574 Flaminium
1334 538 1467 575 adule-

253 599 408 631 scentes
447 594 544 632 adeo
585 595 772 631 honarum
802 595 1019 632 litterarum
1052 596 1180 632 studio
1211 596 1469 634 inflammatos

252 653 377 690 video.
419 659 461 690 ut
501 653 659 690 assidue
699 654 812 690 ambo
844 654 907 691 vel
946 654 1064 691 libros
1097 655 1276 693 evolvant
1307 655 1370 693 vel
1400 656 1468 694 ali-

252 712 346 761 quid
378 712 453 761 ipsi
493 717 744 761 eomponant:
789 713 838 750 de
879 718 1046 762 utroque
1087 726 1226 762 magna
1265 715 1468 764 eom-,ipere

252 783 472 819 possumus.
505 783 577 809 nee
609 772 735 809 solum
768 772 807 809 hi
840 772 1089 810 humanitatis
1120 773 1303 811 flosculos
1322 773 1467 823 legunt.

194 838 226 863 10
253 830 322 867 sed
354 831 520 868 ulterius
553 831 681 868 studia
719 843 788 868 sua
829 832 1040 880 proferunt.
1103 832 1334 870 Franeiseus
1365 833 1468 871 enim

252 894 339 938 post
372 889 588 927 vernaeula.
621 890 660 927 in
689 890 830 939 quibus
863 902 956 928 suae
994 891 1070 928 iam
1103 891 1332 929 eruditionis
1364 896 1469 930 certa

251 948 484 986 documenta
527 949 654 986 dedit.
695 949 830 987 Latina
873 949 1032 987 Grae-eis
1074 954 1112 987 et
1149 950 1337 989 Hebraeis
1380 963 1469 989 con·

252 1007 376 1056 iungit
433 1013 491 1046 et.
548 1008 639 1045 lieet
689 1009 808 1045 nimio
865 1008 953 1057 plus
1009 1009 1217 1047 mulierum
1272 1010 1469 1048 amoribus

254 1067 424 1104 insanire
445 1067 634 1107 videatur.
666 1068 769 1105 inter
799 1068 997 1105 rarissima
1029 1074 1159 1106 tamen
1192 1069 1348 1118 ingenia
1379 1081 1469 1107 eon-

196 1134 226 1158 17»
252 1126 526 1164 numerandus.
580 1127 793 1164 Flaminius
832 1139 923 1164 vero
966 1128 1178 1176 sapientiae
1220 1128 1348 1166 Studia
1379 1141 1468 1166 (zum

251 1190 416 1235 utraque
447 1185 581 1233 lingua
612 1186 822 1235 ooninngit.
855 1192 893 1223 et
925 1186 999 1223 nisi
1019 1187 1148 1224 aerius
1168 1199 1257 1224 eum
1280 1188 1467 1225 stomachi

252 1245 410 1282 morbus
442 1251 618 1293 urgeret.
660 1257 804 1294 paucos
836 1245 871 1283 ei
904 1247 1080 1283 eonferre
1112 1258 1328 1295 possemus.
1391 1246 1467 1285 Sed

252 1304 305 1341 ita
338 1309 601 1353 ‹·01111›al·atuiu
636 1310 705 1342 est.
738 1309 781 1342 ut
812 1305 1009 1354 praeclara
1034 1305 1191 1353 ingenia
1210 1306 1292 1343 fere
1313 1318 1469 1356 semper

250 1363 397 1412 aliquid
418 1363 576 1401 infestet
597 1368 634 1401 et
656 1364 898 1401 interturbet.
938 1364 1063 1411 Quem
1082 1364 1131 1402 ad
1154 1365 1312 1402 modiun
1333 1365 1467 1403 itidem

191 1429 226 1455 21·
250 1423 365 1459 audio
386 1422 617 1471 Longolium
639 1423 820 1460 iuvenem
843 1423 1132 1461 §Im-liniensem
1155 1424 1256 1461 inter
1286 1425 1469 1461 barbaros

251 1487 384 1519 natum
417 1487 454 1519 et
485 1482 606 1519 altum
645 1483 696 1519 ita
729 1482 847 1520 bonas
887 1482 1037 1520 litteras
1077 1483 1280 1532 amplecti.
1319 1488 1362 1521 ut
1394 1483 1467 1520 nisi

250 1541 413 1578 adversa
456 1541 636 1578 valetudo
677 1542 823 1580 obstet.
865 1541 974 1578 brevi
1022 1542 1071 1579 sit
1112 1541 1272 1579 Latinae
1312 1542 1468 1591 linguae

251 1612 325 1637 non
368 1612 502 1649 parum
544 1601 745 1638 adlaturus
785 1601 1012 1638 ornamenti.
1074 1601 1190 1638 Dedit
1232 1601 1295 1638 hie
1334 1601 1468 1651 utique

252 1672 436 1707 magnum
468 1660 614 1707 ingenii
636 1659 845 1708 speeimen.
879 1672 967 1696 eum
989 1660 1161 1698 Romana
1187 1661 1282 1697 urbe
1304 1661 1468 1698 donatus

190 1726 225 1752 25
251 1719 423 1756 actiones
464 1719 561 1756 duas
602 1719 723 1757 edidit
764 1719 802 1756 in
841 1719 1029 1756 Melinum
1062 1719 1219 1757 Celsum
1251 1720 1466 1757 Romanum

251 1778 553 1815 adulescentem.
574 1778 639 1827 qui
660 1778 891 1827 Longolium
911 1779 1039 1827 ipsum
1059 1778 1338 1828 perduellionis
1358 1791 1466 1816 reum

252 1837 518 1886 superivnibus
562 1837 699 1875 diebus
742 1844 873 1886 egerat
915 1838 1027 1887 eique
1068 1842 1173 1875 tanta
1205 1838 1398 1887 elegantia
1430 1842 1467 1876 et

193 1903 247 1937 13⁰}
281 1897 527 1934 contentione
580 1896 683 1933 diem
738 1897 794 1933 di·
823 1908 825 1944 q
856 1902 985 1935 xerat.
1036 1903 1079 1934 ut
1136 1902 1214 1934 tam
1264 1902 1467 1935 venustam

252 1955 418 1992 hominis
438 1955 598 1993 Romani
631 1956 821 1993 aeth-mem
852 1956 1000 1993 veritus
1020 1956 1233 2005 Longolius
1253 1957 1351 1993 clam
1372 1957 1467 1994 urbe

190 2025 225 2046 22¹·
251 2015 435 2053 cesserit:
475 2015 512 2051 in
545 2027 660 2064 quam
699 2020 826 2052 tamen
859 2015 991 2052 Melini
1033 2015 1245 2053 orationem
1277 2016 1374 2052 fama
1408 2019 1468 2053 est

252 2075 411 2111 multos.
445 2074 546 2123 quod
577 2074 744 2123 quisque
777 2074 984 2123 potuisset.
1018 2074 1240 2111 contulisse.
1289 2074 1364 2111 Sed
1400 2086 1467 2123 pro

251 2133 370 2172 dolor.
403 2134 506 2170 hune
537 2133 842 2171 adulescentem.
872 2133 936 2182 qui
970 2133 1141 2170 omnium
1170 2133 1319 2170 animos
1356 2133 1468 2182 paulo

250 2199 339 2229 ante
379 2193 416 2230 in
455 2193 514 2229 sui
558 2192 853 2230 admirationem
897 2197 1086 2230 traxerat.
1125 2192 1255 2229 invida
1288 2198 1327 2230 et
1360 2205 1467 2242 prae-

252 2264 415 2300 propera
458 2264 560 2288 mors
600 2251 779 2290 abstulit.
818 2264 917 2300 quae
957 2252 1053 2289 adeo
1085 2252 1239 2289 acerba.
1274 2257 1315 2289 ut
1347 2251 1467 2298 scitis,

190 2319 225 2343 tr»
254 2311 323 2347 fuit
357 2311 465 2347 lionis
498 2311 687 2355 omnibus.
720 2316 761 2348 ut
794 2323 881 2348 eum
907 2311 1034 2348 Leone
1056 2311 1102 2348 X.
1126 2311 1304 2360 pontitiee
1324 2310 1467 2360 optimo
