1701 2672
197 180 249 218 16
602 192 815 225 GYRALDVS,
846 192 895 216 DE
925 191 1066 218 pomus.

252 309 466 347 Ferrariam
511 321 561 347 ex
603 309 727 347 ruinis
769 313 879 347 eruta
920 310 968 347 ab
1010 309 1146 347 amicis
1189 310 1308 347 missa
1349 309 1471 348 fuisse

253 369 481 406 adfirmabat
511 368 628 418 idque
659 381 750 406 cum
779 368 865 406 aliis
884 375 969 406 111111
999 368 1188 407 Panitiato
1205 374 1244 407 et
1270 368 1471 407 Cistarello

255 427 518 477 persuadebat,
557 439 656 477 (piae
690 439 793 465 nunc
830 439 952 476 paene
983 427 1110 465 omnia
1139 428 1306 466 abolevit
1337 431 1376 465 et
1407 440 1471 465 me

254 498 368 536 saepe
399 486 558 535 rogavit,
590 491 634 524 ut
664 486 712 524 de
741 486 799 533 iis,
831 498 929 535 quae
948 498 1066 536 penes
1085 498 1147 525 me
1165 492 1306 533 essent,
1337 486 1471 524 itidem

211 555 227 579 .·›
251 546 428 584 facerem.
490 545 567 584 Sed
599 545 647 583 de
677 545 725 582 iis
755 545 833 583 iam
864 545 967 583 satis.
1023 547 1057 582 A
1088 546 1260 583 Pontano
1297 545 1471 583 nonnulli

252 605 473 654 profluxere
494 609 579 642 tum
597 604 637 642 in
656 604 804 654 poetica
835 608 920 641 tum
951 604 991 641 in
1009 608 1090 642 arte
1109 604 1261 642 dicendi
1278 605 1470 653 eelebres;

254 664 356 702 unde
396 669 435 701 et
471 663 634 701 Pontani
674 663 869 701 academia
909 675 1011 701 nunc
1048 663 1164 712 vulgo
1204 668 1248 701 ut
1284 663 1471 702 Troianus

252 735 377 772 equus
415 723 565 761 dicitm:
611 723 659 760 In
681 735 757 772 qua
788 734 890 760 nunc
923 722 1099 769 senescit,
1130 722 1170 759 ni
1201 722 1329 771 potius
1359 723 1471 761 floret

254 782 390 820 Actius
429 782 624 830 Syncerus
665 781 907 829 Sanazarius,
948 781 1058 819 cuius
1099 781 1241 830 ingenii
1277 781 1473 831 exquisita

199 851 229 875 w
254 842 445 891 quaedam
494 845 744 879 monumenta
785 841 864 890 legi
907 845 946 879 et
988 840 1026 877 in
1070 840 1205 890 primis
1247 840 1472 890 piscatorias

255 900 409 949 eclogas
429 900 711 950 nonnullasque
730 900 875 949 elegias
894 904 933 937 et
951 899 1240 949 epigrammata,
1271 899 1310 936 in
1330 899 1472 949 quibus

254 960 443 1009 quaedam
475 964 566 997 sunt
596 959 699 997 omni
730 959 844 997 laude
875 957 991 1008 digna
1031 958 1119 1008 (alia
1155 962 1351 1008 praeterea
1388 958 1472 996 eius

255 1023 405 1068 praeter
425 1019 629 1057 vernacula
648 1031 724 1056 non
743 1019 849 1068 vidi),
879 1022 918 1056 et
937 1018 1126 1068 quosdam
1142 1017 1305 1066 virginei
1325 1021 1472 1067 partus,

256 1083 297 1115 ut
310 1078 394 1127 ipse
407 1078 586 1127 appellat,
598 1078 782 1123 heroicos,
794 1078 832 1115 in
847 1078 998 1127 quibus,
1016 1081 1058 1114 ut
1073 1077 1129 1115 sic
1141 1077 1278 1123 dicam,
1291 1076 1473 1114 statarius

198 1147 228 1171 171
255 1144 368 1187 poeta
404 1137 525 1175 videri
564 1142 710 1186 potest3
752 1149 826 1174 non
865 1137 968 1175 enim
999 1137 1203 1174 verborum
1235 1135 1472 1173 volubilitate

254 1197 386 1243 fertur,
405 1196 475 1234 sed
488 1196 658 1234 limatius
672 1196 867 1246 quoddam
887 1195 1077 1234 scribendi
1092 1207 1216 1244 genus
1229 1198 1474 1233 consectatur

254 1260 292 1293 et
328 1256 422 1293 lima
460 1256 500 1292 in
541 1255 624 1294 dies
663 1255 809 1302 atterit,
852 1260 894 1293 ut
934 1255 982 1293 de
1018 1254 1084 1292 illo
1122 1267 1198 1291 non
1234 1254 1472 1303 ineleganter

255 1315 402 1352 dictum
433 1315 531 1352 illud
549 1315 697 1364 Apellis
729 1315 777 1352 de
808 1315 1025 1363 Protogene
1055 1314 1253 1351 Pontanus
1285 1324 1472 1362 usurpare

255 1374 391 1412 solitus
427 1379 548 1412 esset:
588 1387 678 1412 eum
710 1386 867 1411 manum
904 1374 952 1411 de
988 1373 1117 1410 tabula
1148 1372 1282 1411 tollere
1313 1371 1472 1410 nescire.

195 1442 229 1468 ευ
257 1434 412 1471 Praeter
443 1433 681 1482 diligentiam
707 1445 916 1482 curamque
935 1432 1035 1470 Aetii
1067 1432 1298 1469 acerrimum
1318 1442 1472 1481 quoque

254 1493 338 1530 eius
387 1492 573 1530 iudicium
615 1498 654 1530 et
697 1504 944 1530 numerorum
996 1491 1196 1529 scientiam
1239 1490 1280 1527 in
1324 1489 1474 1539 poetica

254 1552 436 1590 facultate
467 1552 758 1601 cognoscimus:
800 1563 918 1601 quare
949 1551 1033 1588 eius
1064 1550 1223 1599 reliqua,
1255 1561 1353 1599 quae
1383 1560 1472 1587 con-

255 1611 363 1658 didit,
405 1623 556 1649 Summo
597 1623 711 1661 opere
751 1611 1034 1657 desideramus,
1076 1621 1173 1659 quae
1214 1608 1367 1657 longius
1406 1607 1487 1645 ille·

257 1671 333 1708 iam
351 1675 474 1709 aetate
494 1675 700 1720 provectus
722 1670 940 1720 supprimit.
983 1670 1109 1717 Quare
1129 1680 1205 1705 non
1226 1668 1320 1705 satis
1339 1667 1471 1704 mirari

196 1739 230 1764 εἴ»
255 1742 414 1780 possum
447 1730 574 1767 virum
617 1729 808 1779 quendam
849 1728 990 1778 alioqui
1027 1728 1222 1766 eruditum
1254 1726 1473 1765 desiderare

256 1790 293 1826 111
326 1789 498 1827 Pontano
530 1794 578 1836 et,
612 1789 643 1827 si
667 1789 742 1827 diis
762 1789 899 1838 placet,
930 1789 969 1825 in
989 1787 1193 1826 Sanazario
1213 1786 1471 1824 Christianam

255 1849 525 1896 elocutionem,
569 1849 641 1886 hoc
685 1853 744 1886 est
787 1848 997 1885 barbaram.
1060 1846 1135 1885 Sed
1173 1846 1235 1883 hic
1273 1857 1362 1883 cum
1403 1856 1473 1882 sua

256 1920 429 1955 censura,
467 1921 544 1958 qua
581 1907 755 1946 homines
786 1907 905 1945 Italos
943 1905 1180 1956 perstringit,
1219 1916 1295 1942 non
1326 1903 1474 1941 diutius

258 1968 504 2016 permanebit.
577 1967 638 2005 Ex
687 1967 821 2005 eadem
871 1966 1031 2004 Pontani
1081 1964 1277 2003 academia.
1324 1963 1474 2000 fluxere

196 2038 231 2059 ενι
257 2027 421 2064 Michael
441 2027 630 2064 Marullus
661 2031 699 2064 et
720 2026 902 2064 Manilius
924 2025 1097 2071 Rhallus,
1119 2024 1230 2061 ambo
1250 2021 1474 2072 parentibus

199 2094 257 2128 [211
281 2085 440 2123 Graecis
478 2087 575 2134 nati,
619 2086 657 2123 in
697 2085 810 2123 Italia
851 2084 1024 2131 enutriti,
1071 2083 1173 2121 Lati-
1209 2079 1212 2135 Ι
1247 2082 1307 2119 nis
1343 2086 1472 2119 tamen

256 2145 396 2183 litteris
436 2146 561 2195 magis
598 2145 734 2182 imbuti
778 2151 894 2193 atque
931 2143 1095 2181 invicem
1137 2141 1267 2181 amici,
1311 2145 1474 2190 uterque

257 2204 578 2254 epigrammatum
623 2208 750 2254 poeta,
801 2203 868 2241 sed
918 2203 1054 2241 Rhallo
1097 2200 1286 2239 Marullus
1335 2199 1474 2237 cultior

257 2264 515 2314 argutiorque,
548 2264 712 2301 Marullo
734 2263 897 2300 Rhallus
928 2262 1164 2307 fortunatior,
1196 2259 1340 2309 quippe
1363 2258 1428 2308 qui
1451 2270 1475 2296 a

198 2333 232 2357 :211
260 2323 386 2361 Leone
425 2324 471 2361 X.
524 2323 583 2362 his
627 2323 824 2360 mensibus
868 2321 1107 2359 Cretensium
1157 2319 1206 2357 sit
1250 2318 1471 2368 pontificatu
