1701 2672
201 134 255 172 54
605 147 820 175 GYRALDvs.
850 148 899 173 m:
930 148 1069 174 Porrus.

256 268 295 302 et
337 264 506 302 Bembus
550 267 695 305 noster.
747 277 837 302 cum
887 266 971 303 eius
1013 266 1053 303 in
1097 266 1229 304 Sicilia
1271 266 1475 306 Messenae

259 323 473 372 discipulus
486 323 635 370 fuisset.
650 323 878 374 plerumque
899 324 1076 362 adserere
1099 325 1243 363 solebat
1258 325 1472 364 Constanti-

257 394 350 419 num
394 394 469 419 non
512 382 624 420 modo
669 382 792 420 soluta
836 383 1004 421 oratione
1045 395 1180 421 verum
1222 388 1261 422 et
1300 385 1474 423 carmine

257 441 468 490 plurimum
506 441 690 487 valuisse.
733 441 850 491 idque
887 442 968 479 veri
1002 442 1127 480 simile
1164 443 1332 486 videtur,
1381 455 1473 481 cum

215 508 231 533 :·›
257 500 407 537 facilius
439 500 607 537 carmina
631 499 777 538 Graece
800 501 1014 538 sciibantur
1035 514 1151 550 quam
1164 502 1323 540 Latine.’
1365 501 1474 550 Quae

256 571 345 596 cum
377 559 539 597 dicendo
572 571 691 597 senex
718 559 972 597 Antimachus
1003 560 1129 597 fessus
1160 573 1245 599 esse
1277 561 1475 599 videretur

256 618 493 668 paulumque
526 618 771 663 substitisset,
804 631 875 667 ego
906 619 955 657 ad
980 619 1139 656 Portum
1170 619 1347 669 inquam:
1381 620 1475 658 ‘Cur

256 689 331 714 non
369 677 417 714 de
457 677 535 714 tuis
574 676 732 715 Graecis
772 677 904 715 dicens
942 690 1055 727 opem
1091 679 1168 716 fers
1198 679 1472 717 Antimacho?'

260 737 312 773 At
350 736 414 773 ille
454 736 600 785 inquit:
647 736 740 784 *Ego
790 741 832 774 ut
882 742 924 774 tu
962 742 1000 774 et
1038 738 1171 784 ceteri,
1212 737 1277 787 qui
1316 738 1473 786 adestis⁷

199 804 230 828 1⁸⁷¹
257 795 443 832 suavitate
485 795 671 832 sermonis
711 795 795 833 eius
836 796 1096 843 demulcebar;
1139 796 1206 834 sed
1244 797 1292 834 de
1328 797 1473 835 nostris

256 854 368 903 pauci
399 854 609 891 admodum
641 860 859 904 supersunt,
891 855 958 904 qui
988 855 1028 892 in
1054 855 1125 893 hoc
1147 860 1347 905 poetarum
1368 860 1472 894 cata-

255 913 342 962 logo
373 913 600 952 recensendi
643 913 729 951 sint.
784 914 934 951 Videtis
977 914 1079 951 enim
1119 914 1196 952 iam
1236 919 1387 952 nostros
1430 915 1471 952 in

256 972 408 1009 Italiam
439 972 488 1010 ad
520 977 670 1010 nostras
702 973 958 1022 capessendas
990 973 1138 1011 litteras
1170 973 1360 1012 devenire.
1409 973 1474 1011 Ne

197 1039 253 1073 [ra]
297 1043 372 1069 non
403 1036 532 1069 tamen
563 1032 707 1081 aliquid
740 1032 882 1077 dicam,
924 1032 993 1069 hos
1025 1044 1167 1081 paucos
1199 1044 1428 1071 cominemo-
1463 1029 1467 1087 Ι

198 1099 230 1124 15
258 1091 347 1127 rabo
387 1096 503 1140 atque
542 1091 581 1127 in
619 1091 755 1140 primis
794 1090 1003 1139 Georgium
1042 1091 1281 1138 Cretensem,
1322 1092 1388 1141 qui
1429 1103 1474 1130 se

255 1149 555 1199 Trapezuntium
587 1150 713 1187 vocari
746 1150 891 1190 maluit.
923 1151 1086 1197 veritus.
1119 1155 1161 1188 ut
1191 1156 1295 1200 puto,
1327 1151 1473 1189 veteris

255 1215 389 1258 poetae
402 1208 642 1258 Epimenidis
665 1209 783 1246 nostri
798 1209 1043 1250 versiculum.
1058 1222 1174 1259 quem
1195 1214 1233 1248 et
1254 1210 1473 1248 aemulatus

254 1273 313 1305 est
332 1273 444 1317 poeta
458 1268 729 1306 Callimachus.
769 1269 880 1306 Docti
901 1268 1073 1318 plerique
1088 1268 1296 1317 Georgium
1317 1281 1470 1307 mecum

254 1328 424 1364 fatentur
437 1339 572 1365 versus
594 1328 868 1377 composuisse,
886 1328 986 1377 quod
1009 1328 1068 1365 vel
1089 1327 1215 1377 palam
1237 1340 1473 1376 cognoscere

194 1394 229 1420 21»
254 1386 415 1435 potestis
452 1398 501 1423 ex
539 1386 604 1433 iis.
650 1399 747 1436 quae
791 1386 839 1424 de
877 1386 1046 1436 Orpheo,
1088 1387 1263 1433 Musaeo,
1304 1387 1400 1424 Lino
1431 1392 1474 1425 et

256 1445 341 1483 aliis
385 1445 562 1495 pluribus
606 1444 762 1483 Graecis
805 1445 929 1495 poetis
972 1446 1011 1483 in
1052 1446 1232 1483 Latinum
1282 1445 1473 1484 convertit

253 1505 355 1553 apud
397 1504 607 1542 Eusebium
646 1505 850 1554 Pamphili.
901 1505 950 1542 Et
981 1505 1069 1543 licet
1110 1517 1199 1542 eum
1238 1504 1381 1542 librum
1420 1505 1470 1542 ad

255 1563 389 1601 Graeci
429 1564 662 1613 exemplaris
702 1564 819 1601 fidem
862 1576 934 1601 non
974 1569 1096 1601 totum
1134 1564 1386 1613 expresserit,
1427 1568 1472 1602 ut

253 1635 303 1661 ex
341 1622 487 1661 Graeco
527 1623 658 1661 codice
698 1623 809 1661 facile
847 1623 978 1660 videre
1015 1623 1192 1673 potestiS,
1234 1623 1472 1661 carminibus

194 1690 228 1716 2-3
254 1687 357 1719 certe
379 1682 510 1720 vaJuit.
554 1681 639 1719 Non
673 1682 781 1720 vobis
812 1694 914 1719 nunc
934 1694 1123 1728 recenseo7
1156 1688 1248 1731 quot
1270 1687 1307 1720 et
1327 1686 1471 1732 quanta

254 1741 446 1779 volumina
478 1741 539 1778 vel
570 1741 653 1790 ipse
685 1742 942 1790 composuerit
973 1741 1034 1779 vel
1059 1754 1107 1779 ex
1131 1740 1288 1779 Graecis
1309 1741 1471 1779 Latinae

253 1800 519 1838 consuetudini
564 1801 778 1846 tradiderit,
823 1811 861 1838 et
901 1800 974 1838 nisi
1016 1801 1053 1838 in
1098 1800 1231 1838 divum
1269 1800 1470 1838 Platonem

254 1871 386 1897 omnes
418 1860 705 1897 maledicentiae
737 1860 906 1897 habenas
938 1859 1166 1898 relaxasset.
1199 1863 1349 1909 poterat
1379 1871 1468 1897 cum

253 1919 391 1956 ceteris
423 1919 481 1956 sui
514 1919 657 1956 ordinis
689 1919 831 1968 reponi.
876 1919 976 1956 Hinc
1008 1919 1096 1956 data
1128 1919 1199 1956 fuit
1220 1930 1312 1956 ansa
1332 1918 1471 1957 Bessa-

193 1986 228 2010 :zo
255 1978 350 2015 rioni
384 1991 452 2027 pro
484 1978 643 2016 Platone
674 1991 763 2016 eum
795 1978 1015 2016 confutandi
1035 1982 1073 2015 et
1095 1977 1127 2015 ei
1150 1990 1282 2027 parem
1303 1977 1469 2026 gratiam

254 2038 452 2075 referendi.
507 2037 628 2075 Valde
661 2049 780 2075 senex
813 2038 955 2074 Romae
987 2037 1163 2075 decessit.
1201 2037 1290 2074 Iure
1320 2041 1358 2074 et
1390 2048 1471 2074 nie-

255 2096 325 2133 1ito
357 2109 445 2133 cum
478 2097 539 2134 his
571 2097 906 2134 connumerandus
937 2101 996 2134 est
1018 2096 1172 2134 Marcus
1204 2095 1399 2139 Musurus,
1430 2100 1471 2133 et

253 2155 335 2204 ipse
368 2156 579 2195 Cretensis,
619 2156 683 2206 qui
706 2155 878 2193 Venetiis
910 2155 1062 2205 publice
1095 2155 1261 2192 Gmecos
1292 2159 1471 2192 auctores

254 2215 439 2263 praelegit
472 2227 623 2253 summa
654 2227 742 2252 cum
773 2215 992 2252 auditorum
1027 2214 1251 2264 frequentia.
1314 2213 1397 2261 Qua
1428 2214 1467 2251 in

193 2282 226 2307 ³5
254 2286 293 2310 re
337 2274 506 2311 divinam
559 2286 678 2324 prope
730 2274 983 2311 eruditionem
1039 2273 1252 2311 ostentabat
1309 2272 1470 2311 Graecis
