1701 2672
317 206 368 244 98
715 217 930 252 GYRALDvs,
962 217 1010 243 DE
1040 217 1181 244 ponus.

325 579 342 605 5

310 875 344 901 10

366 334 520 381 credam,
558 347 658 384 quae
689 335 861 384 conligit.
921 335 1132 374 Herculem
1165 343 1359 386 postremo
1390 336 1584 386 Trootum,

366 394 559 443 Alphonsi
590 394 720 432 Trocti
759 394 895 441 filium,
939 394 1112 444 equitem
1142 406 1285 433 meum.
1318 408 1455 434 vereor
1484 408 1533 435 ne
1562 409 1586 436 a

368 452 478 491 bonis
510 453 652 491 fitteris
685 458 724 491 et
756 452 916 491 Graecis
949 458 988 491 et
1006 453 1157 492 Latinis
1187 465 1264 493 non
1282 453 1379 493 nihil
1410 459 1586 494 avertant

367 511 592 561 principalis
641 512 753 550 aulae
802 512 1021 550 inlecebrae
1061 516 1100 550 et
1143 508 1344 562 equitandi
1392 514 1584 564 studium3

368 571 472 620 quod
511 575 641 609 tamen
677 583 726 608 ne
764 571 847 618 fiat,
891 571 1061 621 parentis
1102 571 1303 621 diligentia
1338 577 1378 611 et
1415 573 1586 612 sollertia

368 635 490 668 cavet.
551 630 601 668 Et
638 630 710 668 hos
748 630 907 680 quidem
943 642 1014 668 nos
1044 630 1123 680 ipsi
1153 626 1454 680 nominavimus,
1495 644 1587 671 cum

367 689 469 727 inter
489 701 623 727 omnes
646 689 796 739 primus
816 689 957 728 fuisset
975 689 1312 728 connmnerandus
1331 685 1520 730 Hercules
1532 691 1584 730 H.

369 747 558 792 Estensis,
591 748 777 798 princeps
809 753 950 796 noster,
983 748 1050 798 qui
1079 749 1127 787 ab
1158 749 1245 799 ipsa
1274 759 1397 799 paene
1427 749 1587 789 infantia

368 808 539 845 camnine.
570 812 608 846 et
628 819 768 846 versus
806 808 976 846 scribere
1009 808 1165 846 solebat.
1211 808 1290 847 Sed
1311 815 1402 847 eum
1423 809 1588 847 deflexit

369 878 462 905 cura
493 866 715 905 dominandi
741 871 781 905 et
805 867 1059 917 principatus,
1090 872 1129 905 et
1149 874 1385 918 quamquam
1410 879 1588 906 seorsum

370 938 445 963 non
466 938 679 976 numquam
699 938 790 964 cum
804 926 929 964 Musis
952 938 994 964 se
1015 926 1161 964 otiosus
1181 927 1349 965 oblectet
1368 929 1408 965 et
1421 926 1588 966 libenter

314 993 390 1028 [110]
422 986 469 1023 ab
501 986 588 1024 aliis
620 985 795 1023 conditos
814 997 954 1023 versus
974 986 1143 1024 scienter
1162 986 1349 1036 perlegat,
1381 982 1584 1039 (lissima-1

311 1172 344 1198 15

311 1468 346 1495 20

370 1045 494 1082 lanter
533 1050 663 1083 tamen
701 1057 744 1083 se
782 1045 854 1083 hac
892 1045 932 1082 in
969 1048 1077 1094 parte
1108 1044 1257 1083 laudari
1288 1045 1444 1095 patitur.
1504 1044 1588 1083 Nos

369 1108 514 1149 tamen,
546 1116 568 1142 ο
589 1104 796 1145 Hercules,
828 1103 1029 1142 Musanun
1063 1116 1171 1142 sacra
1202 1103 1374 1143 colen‘oes
1405 1104 1523 1151 feras,
1555 1104 1587 1142 si

370 1175 446 1200 non
471 1163 580 1202 taciti
600 1164 672 1201 hoc
692 1163 963 1213 praeterimus,
995 1164 1148 1213 quando
1169 1168 1207 1202 et
1227 1176 1278 1202 ex
1296 1163 1376 1202 tuis
1397 1162 1588 1202 cubiculis

370 1222 504 1261 exiere
530 1223 606 1261 duo
631 1235 707 1260 non
732 1223 892 1272 indigni,
917 1227 961 1261 ut
983 1235 1073 1260 cum
1093 1223 1219 1273 poetis
1240 1226 1586 1262 conmunerentur:

369 1283 573 1330 Augustus
616 1282 787 1320 Mustius
830 1285 868 1320 et
906 1282 944 1320 N
947 1282 1093 1320 icolaus
1136 1282 1376 1328 Bendideus‚
1422 1293 1588 1332 quorum

371 1341 575 1392 utriusque
613 1346 766 1391 praeter
797 1346 926 1379 cetera
956 1342 1067 1379 aulae
1100 1346 1322 1379 ornamenta
1354 1345 1393 1379 et
1422 1350 1499 1379 non
1529 1341 1588 1378 in-

371 1400 546 1439 conditos
578 1412 716 1439 versus
747 1401 825 1449 legi
856 1407 940 1438 tum
961 1400 1009 1437 ad
1030 1412 1092 1438 me
1123 1404 1206 1438 tum
1231 1400 1280 1438 ad
1307 1400 1403 1438 alios
1422 1399 1586 1438 missos?

371 1459 420 1497 Et
451 1459 568 1498 simul
600 1461 694 1498 haec
725 1460 881 1498 dicens:
915 1459 1054 1501 ‘Horass
1086 1459 1256 1508 inquam,
1279 1459 1368 1496 ‘iam
1386 1458 1497 1496 tarda
1517 1461 1588 1505 est,

372 1523 411 1556 et
443 1520 499 1557 sol
530 1520 708 1559 inclinat:
743 1519 828 1556 ideo
859 1519 979 1556 ‘totius
1012 1518 1199 1556 sermonis
1231 1518 1347 1555 finem
1378 1516 1588 1556 faciamus?

371 1578 421 1615 Et
457 1578 509 1616 ita
547 1591 673 1616 sermo
711 1579 912 1616 absolutus
949 1577 1038 1624 fuit,
1077 1589 1166 1615 cum
1205 1581 1244 1615 et
1280 1587 1422 1626 vesper
1452 1579 1491 1614 et
1521 1574 1589 1613 diu

372 1649 503 1675 serum
535 1638 612 1676 iam
643 1642 759 1684 esset,
791 1641 831 1676 et
861 1637 914 1675 ita
945 1648 1080 1675 omnes
1111 1636 1160 1675 ad
1192 1635 1348 1686 propria
1372 1636 1458 1673 vale
1484 1634 1589 1673 dicto

372 1696 579 1735 redierunt.
