1701 2672
194 161 247 199 56
593 174 808 209 GYRALDVS,
840 175 888 200 DE
920 175 1059 202 POETIS.

252 290 547 328 Constantinum
601 290 801 329 Graecum.
883 292 954 330 Est
1003 297 1041 330 et
1083 293 1266 331 Nicolaus
1309 293 1347 330 N
1349 293 1466 331 esiota

253 349 383 396 Chius,
417 349 482 398 qui
514 350 576 387 his
607 350 741 387 diebus
762 350 802 387 in
823 351 935 388 Italia
947 356 1124 389 versatiu·
1142 352 1190 389 ad
1212 353 1467 401 capessendas

252 420 341 445 cum
361 408 502 445 nostris
522 409 678 446 Latinas
698 409 846 447 litteras
859 414 897 447 et
920 410 1212 460 philosophiam.
1234 410 1309 458 Qui
1322 411 1466 449 utinam

254 479 295 504 se
338 467 447 516 pium
490 468 614 516 magis
655 480 698 505 ac
739 468 960 517 religiosum
1009 482 1124 519 quam
1165 470 1254 508 facit
1291 470 1468 508 omnibus

210 535 227 559 5
253 525 482 564 ostentaret!
515 526 586 564 Est
616 532 654 564 et
684 527 787 576 apud
819 532 971 565 nostros
992 527 1186 566 Cretensis
1208 529 1469 567 nobilissimus

257 584 545 633 Calloergoium
587 586 748 628 familia,
793 598 843 624 ex
887 599 962 636 qua
1005 592 1043 625 et
1085 587 1146 624 alii
1191 588 1354 626 floruere
1397 588 1468 625 viri

196 651 255 685 163]
298 644 573 693 praecellentes
619 651 657 682 et
691 657 793 683 nunc
828 646 996 683 maxime
1036 646 1212 684 inlustris
1237 643 1466 700 Antonius,{

253 703 319 752 qui
340 715 428 740 cum
449 704 552 741 omni
571 704 781 741 nobilitatis
795 705 936 742 virtute
958 705 1068 743 floret
1090 705 1253 755 ideoque
1274 706 1313 743 in
1336 706 1468 755 primis

253 767 386 809 gratus
402 763 552 800 senatui
566 763 619 800 rei
634 763 891 813 publicaeque
904 763 1086 802 Venetae.
1130 764 1217 802 Fuit
1235 769 1274 802 et
1288 765 1387 802 inter
1399 765 1470 803 hos

195 828 228 855 10
254 821 457 859 Zacharias
477 821 712 870 Calloergus.
742 823 807 872 qui
828 829 912 860 timi
926 823 1100 860 Venetiis
1125 827 1207 860 tum
1227 823 1372 861 Romae
1385 836 1469 862 ver-

254 885 361 917 satus
380 885 450 921 est,
470 881 536 918 ubi
555 886 594 918 et
607 881 816 930 publicavit
836 882 942 931 typis
958 881 1115 919 Graecis
1128 894 1316 920 excussos
1329 882 1470 920 Pinda-

253 952 339 976 rum
361 951 450 976 cum
470 940 756 977 commentariis
777 945 815 978 et
836 941 1079 978 Theocritum
1105 941 1254 991 aliaque
1274 941 1468 979 nonnulla.

253 998 360 1035 Vivit
385 1010 538 1036 mecum
556 999 720 1037 Ioannes
741 999 989 1038 Gasimatius.
1031 1000 1172 1038 sororis
1211 1012 1318 1038 meae
1355 1001 1471 1047 filius,

255 1057 320 1106 qui
340 1062 444 1095 recto
464 1069 603 1106 gressu
616 1059 743 1107 pergit
762 1058 810 1096 ad
832 1059 1015 1096 bonarum
1037 1059 1176 1096 artium
1195 1059 1471 1109 capessendam

196 1125 228 1150 15
256 1116 433 1154 semitam
473 1117 510 1153 in
549 1129 670 1166 eaque
707 1117 760 1155 ita
790 1118 950 1157 insistit,
992 1123 1034 1155 ut
1067 1130 1218 1167 sperem
1250 1130 1324 1156 non
1355 1119 1471 1168 longo

255 1180 341 1224 post
381 1181 554 1225 tempore
597 1183 751 1225 portum
792 1177 1060 1226 adreptumm.
1103 1177 1216 1215 modo
1257 1189 1304 1215 ne
1343 1177 1469 1227 aliqua

253 1235 466 1272 iuventutis
498 1235 664 1284 procella
702 1242 768 1274 aut
805 1237 916 1273 turbo
948 1236 1021 1273 alio
1054 1237 1250 1285 navigium
1281 1236 1470 1274 deflectat.

255 1294 331 1331 Sed
354 1294 436 1333 hoe.
458 1306 547 1332 cum
569 1295 645 1332 iam
666 1299 816 1332 tantum
838 1296 1077 1344 processerit,
1106 1296 1235 1333 minus
1259 1295 1470 1334 verendum

253 1358 335 1392 est:
370 1353 520 1391 m‘djstis
554 1358 646 1403 puto
666 1366 799 1392 omnes
831 1355 915 1391 eius
947 1367 1023 1391 non
1054 1354 1314 1392 claudicantes
1336 1366 1471 1392 versus

195 1422 230 1446 2¹*
257 1417 372 1461 atque
403 1417 446 1450 tu
477 1413 517 1450 in
548 1413 693 1462 primis,
727 1413 825 1451 Lili.⁷
889 1414 949 1450 ·Et
980 1414 1082 1461 w’di',
1120 1414 1277 1463 inquam
1309 1425 1391 1462 ego,
1424 1416 1473 1451 ‘et

254 1471 329 1519 legi
362 1472 535 1509 heroicos
573 1476 611 1509 et
642 1472 806 1521 eclogas.
881 1473 957 1510 Sed
989 1479 1027 1510 et
1057 1473 1105 1510 ad
1138 1485 1199 1510 me
1230 1472 1352 1510 multa
1383 1485 1469 1510 cum

255 1543 339 1567 mea
402 1531 516 1568 laude
578 1531 920 1579 hendecasyllabos
987 1544 1138 1581 quoque
1200 1531 1471 1570 Giaecanicam

254 1589 445 1637 argutiam
501 1590 716 1628 redolentes
775 1591 902 1628 misit*
963 1591 1039 1628 Hic
1095 1591 1257 1628 Portus:
1309 1590 1392 1628 ‘Est
1435 1595 1472 1629 et

256 1648 458 1686 Albericus
491 1649 711 1687 Salentinus
752 1650 791 1687 in
823 1650 956 1687 Italiae
987 1650 1127 1699 Magna
1159 1649 1317 1687 Graecia
1348 1653 1472 1692 natus,

196 1716 230 1742 25
257 1719 371 1757 quem
393 1708 493 1745 inter
514 1713 665 1746 nostros
686 1709 772 1746 ideo
793 1721 1071 1749 commemoro:
1095 1709 1157 1747 hic
1177 1721 1252 1746 non
1271 1713 1473 1747 contentus

256 1767 489 1805 vestratibus
538 1768 676 1805 litteris
718 1768 757 1805 in
799 1767 998 1806 Graeciam
1042 1768 1277 1817 enavigavit„
1319 1773 1361 1805 ut
1408 1779 1473 1806 eas

256 1826 293 1863 in
327 1827 454 1863 nativo
486 1827 590 1864 caelo
622 1827 874 1877 perdisceret:
917 1840 1079 1876 quarum
1120 1828 1236 1876 probe
1274 1827 1473 1864 institutus

256 1885 368 1923 rediit
389 1886 426 1923 in
447 1886 608 1924 Italiam.
653 1886 777 1925 Nunc,
807 1892 848 1924 ut
880 1886 1163 1935 philosophiam
1184 1894 1223 1923 et
1242 1886 1471 1924 medicinam

257 1943 401 1982 Graece
445 1951 483 1983 et
521 1945 657 1983 Latine
701 1946 925 1995 pel-calleat.
966 1946 1162 1983 Feri-ariae
1193 1950 1369 1983 versatur
1380 1946 1392 1984 :v
1433 1950 1474 1982 ut

197 2014 232 2037 31·
257 2004 351 2041 mihi
372 2004 528 2053 quidem
551 2005 714 2052 videtur,
747 2005 849 2054 quod
881 2010 987 2054 optat
1017 2004 1262 2054 adsequetur.
1306 2004 1355 2042 Et
1375 2004 1473 2043 licet.

257 2068 299 2100 ut
330 2063 456 2112 priore
489 2064 657 2112 dialogo,
689 2076 710 2101 0
742 2063 834 2103 Lili,
866 2077 887 2101 a
919 2069 957 2101 te
989 2064 1134 2101 dictum
1166 2068 1235 2101 est.
1269 2063 1474 2112 scriptores

257 2122 414 2171 quidam
439 2128 476 2160 et
502 2123 528 2160 ii
543 2123 699 2173 quidem
719 2123 925 2171 coryphaei
949 2123 996 2160 de
1011 2123 1230 2160 viventibus
1252 2122 1475 2160 meminisse

258 2181 464 2228 noluerint‚
497 2183 612 2220 credo
644 2187 686 2219 ut
718 2182 902 2219 invidiam
933 2182 1137 2223 evitarent,
1176 2193 1245 2218 nos
1277 2187 1405 2219 tamen
1437 2181 1474 2218 iu

258 2241 329 2277 hoc
372 2246 502 2278 nostro
545 2253 720 2279 sermone
761 2241 809 2278 ad
848 2241 1063 2289 augendam
1096 2253 1229 2277 eorum
1263 2240 1473 2278 studiosam

197 2308 232 2332 τε,
259 2299 507 2338 voluntatem.
541 2306 581 2338 ut
612 2300 660 2338 ad
694 2300 820 2337 studia
851 2300 1061 2337 animosius
1093 2300 1280 2340 ferantur,
1319 2310 1389 2336 nos
1426 2298 1475 2337 de
