1696 2661
229 850 261 876 io

229 1145 260 1170 15

226 1439 260 1466 20

226 2030 261 2056 30

633 193 847 228 GYRAans,
878 193 927 218 DE
958 193 1098 219 Por-ms.
1446 182 1497 219 87

287 311 442 348 sellium
461 310 726 359 reponendum
758 315 942 359 arguant;
975 311 1097 358 mitto,
1121 311 1223 360 quod
1248 314 1288 348 et
1306 305 1442 348 Latine
1463 315 1502 348 et

286 369 437 407 erudite
459 369 602 407 scribit.
646 369 763 407 Esset
788 374 828 407 et
852 369 953 407 inter
977 370 1124 419 primos
1149 370 1188 407 in
1214 370 1289 407 hoc
1311 369 1503 408 scribendi

285 440 428 477 genere
478 440 564 465 meo
615 429 773 478 quidem
823 429 967 466 iudicio
1017 428 1265 478 reponendus
1316 428 1503 466 Claudius

286 487 532 525 Ptolemaeus
564 487 761 535 Senensis,
793 488 865 525 nisi
893 488 1068 536 vulgaria
1098 488 1194 525 haec
1226 492 1266 525 et
1296 487 1503 525 vernacula

285 546 333 584 ad
358 546 606 596 antiquorum
625 546 853 584 Latinorum
871 559 1044 584 normam
1069 559 1252 584 revocare
1276 546 1502 594 studuisset,

285 617 361 654 qua
379 605 419 642 in
441 617 483 642 re
503 605 536 642 si
556 618 631 642 non
651 606 781 655 potius
804 605 968 653 haeresi,
989 605 1133 643 multos
1152 605 1310 653 invenit,
1333 605 1399 654 qui
1413 617 1503 643 eum

286 668 553 713 sequerentur,
564 668 607 702 ut
619 665 756 702 infelix
770 665 836 702 ille
846 664 1077 702 Franciscus
1088 664 1501 702 RichardusValeriuS.

286 723 447 761 Claudio
476 723 540 761 isti
559 724 780 762 Ptolemaeo
811 724 946 761 eadem
966 735 1087 772 paene
1110 723 1309 771 diligentia
1329 723 1502 769 incessit,

285 794 384 832 quae
399 794 524 832 nuper
534 782 705 820 Trissino
720 787 758 820 et
767 783 920 832 pridem
932 782 1093 820 Claudio
1103 782 1257 820 Caesari
1270 782 1502 831 imperatori,

289 848 349 883 [5⁹9]
388 846 431 879 ut
444 854 564 879 novos
580 842 822 879 characteres
836 842 1054 879 litterarum
1071 837 1074 895 l
1091 841 1314 889 excogitare
1328 841 1502 888 voluerit,

287 913 363 950 qua
382 904 511 938 tamen
529 901 569 938 in
589 913 630 938 re
650 904 688 938 et
707 901 850 938 multos
872 901 986 938 habet
1007 900 1068 937 sui
1088 900 1293 938 studiosos.
1336 899 1505 937 Exstant

285 964 325 997 et
363 960 547 1008 leguntur
577 973 600 997 a
637 960 772 997 multis
808 960 921 997 axide
961 959 1001 996 in
1042 959 1197 1008 primis,
1239 972 1336 1009 quae
1373 959 1420 996 ab
1458 970 1503 996 eo

287 1018 431 1067 scripta
453 1023 564 1056 sunt:
587 1018 742 1056 Gradus
760 1019 903 1056 amoris
917 1019 1109 1056 Platonici
1122 1022 1161 1056 et
1173 1018 1282 1067 pacis
1305 1029 1502 1059 sermones

286 1078 451 1127 aliaque.
517 1078 590 1115 Est
633 1082 672 1116 et
713 1078 778 1115 liic
821 1077 1015 1115 Ferrariae
1058 1078 1162 1126 apud
1206 1089 1275 1115 nos
1319 1077 1503 1114 Albertus

287 1137 512 1186 Regiensis,
564 1137 632 1186 qui
675 1149 764 1174 cum
807 1137 976 1186 primum
1028 1136 1296 1186 philosophiae
1346 1148 1503 1185 operam

286 1200 460 1240 navaret,
493 1200 667 1243 coactus,
698 1200 743 1233 ut
772 1200 877 1245 puto,
909 1200 1082 1244 egestate
1113 1196 1250 1232 ludum
1281 1195 1435 1244 aperuit
1465 1198 1505 1232 et

287 1255 398 1292 docet
428 1254 469 1291 in
499 1254 625 1292 trivio.
669 1254 744 1292 Hic
776 1254 1056 1303 epigranunata
1076 1254 1242 1292 Etrusca
1273 1266 1392 1303 supra
1424 1254 1504 1291 fere

287 1326 403 1363 quam
424 1313 531 1351 credi
544 1313 668 1362 possit
680 1313 955 1363 pulcherrimis
975 1317 1014 1351 et
1034 1313 1295 1362 argutissimis
1308 1312 1503 1361 rhythmis

285 1372 483 1409 interdum
520 1372 692 1419 conficit,
732 1384 848 1422 quae,
885 1376 929 1410 ut
966 1385 1051 1410 mea
1082 1372 1241 1422 quidem
1272 1376 1332 1410 est
1363 1371 1503 1421 opinio,

287 1444 377 1468 cum
417 1431 595 1469 omnibus
633 1436 789 1469 nostrae
826 1431 963 1469 aetatis
996 1431 1173 1469 versibus
1203 1431 1383 1468 Etruscis
1416 1442 1504 1468 con-

286 1490 378 1528 ferri
422 1495 596 1539 possunt.
660 1490 816 1529 Similes
860 1490 976 1528 etiam
1021 1490 1220 1528 cantiones
1261 1490 1391 1537 habet,
1436 1489 1504 1526 sed

286 1549 554 1598 imperfectas,
576 1549 651 1586 nisi
671 1549 776 1587 enim
797 1549 1122 1587 lectisterniorum
1144 1549 1274 1587 fabula
1294 1548 1503 1586 ridiculum

287 1620 376 1646 eiun
394 1609 499 1658 apud
519 1609 717 1658 principes
736 1609 904 1656 fecisset,
936 1608 1101 1646 libenter
1120 1608 1159 1645 in
1179 1608 1283 1645 hunc
1301 1612 1503 1657 poetariun

287 1667 460 1705 ordinem
501 1668 752 1705 conlocarem.
813 1667 885 1705 Est
923 1671 961 1705 et
998 1667 1038 1704 in
1069 1679 1133 1705 ore
1170 1667 1382 1704 multorum
1413 1667 1504 1703 Ala-

226 1737 248 1760 ⁴..
286 1739 424 1764 manus
460 1727 722 1774 Florentinus,
764 1727 831 1776 qui
870 1739 940 1775 pro
970 1725 1126 1764 Etruria
1165 1725 1309 1763 Gallias
1347 1725 1502 1775 incolit,

286 1785 397 1824 cuius
416 1786 584 1834 plurima
602 1786 642 1823 in
661 1787 734 1823 hoc
753 1785 958 1823 vernaculo
980 1785 1134 1823 dicendi
1154 1797 1296 1834 genere
1314 1785 1503 1831 feruntur,

286 1857 384 1894 quae
416 1857 505 1882 cum
537 1857 608 1883 nec
627 1858 649 1882 a
668 1857 731 1882 me
751 1845 835 1882 visa
855 1856 926 1882 nec
945 1844 1044 1882 lecta
1063 1848 1214 1893 praeter
1241 1856 1292 1881 ex
1314 1843 1504 1893 Sophocle

286 1903 326 1940 in
343 1903 553 1941 Etruscum
572 1904 716 1941 idioma
735 1915 961 1941 conversam
976 1903 1209 1952 Antigonem
1228 1903 1314 1940 ideo
1335 1906 1504 1952 praeter—

286 1962 416 2000 missa.
460 1963 582 2000 Fuere
607 1967 647 2000 et
675 1963 750 2000 duo
776 1963 817 1999 in
844 1975 913 1999 suo
932 1974 1076 2011 genere
1095 1962 1224 2011 arguti
1244 1966 1284 1999 et
1302 1961 1504 1999 mordaces

287 2033 363 2059 non
408 2021 490 2059 sine
535 2022 698 2069 salibus,
742 2021 971 2059 Franciscus
1021 2021 1162 2059 Bernia
1208 2021 1416 2058 Bibiennas
1466 2024 1505 2058 et

287 2080 446 2118 Maurus
466 2081 755 2128 Foroiuliensis,
775 2093 950 2130 quorum,
972 2084 1016 2118 ut
1037 2080 1156 2128 scitis,
1178 2080 1302 2117 multa
1321 2080 1505 2128 leguntiu
1522 2073 1525 2079 ’

287 2152 308 2176 a
328 2140 453 2177 doctis
475 2144 515 2177 et
533 2140 713 2177 indoctis.
759 2139 883 2178 Fuere
915 2151 1037 2188 paene
1069 2151 1145 2176 non
1176 2139 1271 2176 viris
1301 2138 1503 2176 inferiores

287 2198 386 2236 duae
416 2199 601 2236 inlustres
630 2198 826 2248 principes
846 2202 886 2236 et
905 2198 1088 2247 poetriae,
1108 2198 1283 2236 Victoria
1303 2196 1505 2235 Columnia

286 2257 481 2295 Piscariae
513 2262 552 2296 et
580 2257 773 2295 Veronica
805 2257 995 2295 Gambara
1027 2257 1300 2305 Cori-igiensis,
1339 2268 1503 2306 quarum

227 2325 261 2351 35
287 2317 490 2366 utriusque
520 2329 590 2366 pro
615 2329 734 2354 sexus
755 2317 938 2366 qualitate
960 2316 1090 2353 divina
1111 2316 1293 2365 leguntur
1314 2319 1502 2365 poemata,
