1701 2672
213 174 266 211 62
648 187 862 215 GYRALDvs.
894 188 942 212 m:
974 188 1114 214 Porrus.

270 307 308 340 et
338 303 551 352 Pomponio
595 304 713 342 Laeto
757 316 915 354 operam
958 305 1075 344 dedit.
1138 306 1230 344 Mox
1278 319 1354 344 non
1397 312 1484 357 post

270 362 412 399 multos
456 374 578 399 annos
618 363 656 400 in
698 363 859 412 patriam
898 369 958 402 est
996 377 1195 412 reversus⁷
1240 366 1304 403 ubi
1344 365 1484 404 docere

268 421 394 470 coepit
444 421 706 459 Britannicam
757 422 1000 460 iuventutem
1056 424 1169 466 adeo,
1227 429 1270 462 ut
1317 424 1483 463 Ioannes

270 479 437 518 Coletus.
471 492 622 517 summo
655 481 712 517 vir
743 481 899 530 ingenio
931 487 970 519 et
989 482 1160 520 doctrina
1193 488 1360 529 ornatus,
1393 496 1483 522 eum

226 546 243 572 5
270 550 362 576 suae
394 551 516 576 novae
549 540 714 577 scholae.
747 553 863 589 quam
894 541 1061 578 Londini
1093 547 1282 583 erexerat,
1315 543 1481 592 prinum]

267 598 760 647 praeceptoremelegerit:
782 599 822 636 in
843 615 848 634 ι
854 612 917 649 pia
934 612 1056 637 annos
1069 601 1291 650 quindecim
1307 602 1482 640 docendo

271 668 312 693 se
333 657 520 694 exercuit.
542 657 704 706 Scripsit
719 658 991 707 compendium
1006 660 1280 707 grammaticae
1294 661 1481 709 perutile:

268 721 358 753 sunt
372 716 437 765 qui
462 716 577 753 etiam
598 716 782 754 libellum.
798 717 862 766 qui
884 719 955 755 sub
974 718 1125 756 Erasmi
1146 719 1300 757 nomine
1319 719 1482 758 eircum-

268 775 406 814 fertur,
449 776 627 823 syntaxis
668 776 916 825 inscn'ptnm.
958 777 1074 815 huius
1115 789 1203 815 esse
1245 778 1480 817 existiment.

209 842 242 867 ιι»
268 833 430 882 Scripsit
451 846 541 871 vero
556 835 726 872 carmine
741 836 967 873 hexametro
982 836 1030 873 de
1046 836 1270 874 Latinorum
1284 838 1482 875 nominum

265 893 549 942 verborumque
599 894 809 940 generibus
859 895 1110 944 opusculum:
1154 896 1223 933 sed
1273 900 1311 934 et
1357 896 1482 946 ipsius

267 963 422 989 carmen
468 952 706 990 celebratur.
751 953 853 1002 quod
894 954 933 991 in
971 954 1197 1004 Philippum
1229 955 1479 993 Maximjliani

267 1010 442 1048 Caesaris
474 1011 608 1051 filium,
651 1012 714 1061 qui
748 1013 784 1049 vi
817 1014 1061 1062 tempestatis
1093 1014 1254 1051 disiecta
1285 1014 1410 1052 classe
1441 1015 1480 1052 in

267 1069 468 1107 Carnubici
500 1070 623 1108 litoris
656 1076 807 1120 portum
839 1073 1054 1121 appulerat.
1111 1072 1289 1111 Carolum
1320 1073 1414 1111 item
1434 1073 1481 1111 V.

211 1137 244 1162 15
272 1128 477 1166 Caesarem
508 1130 555 1167 ab
584 1130 752 1168 Henrico
772 1130 880 1168 VIII.
913 1143 1004 1180 rege
1030 1132 1236 1179 magnifico
1256 1137 1480 1182 susceptum

269 1188 434 1237 hospitio
455 1193 493 1226 et
514 1189 766 1227 celeberm'mo
787 1191 1097 1239 spectaculorum
1111 1196 1297 1240 apparatu
1317 1191 1479 1229 Londini

210 1254 266 1289 [72]
300 1259 362 1284 ur-
391 1246 394 1297 1
424 1248 513 1284 hem
553 1248 758 1286 intrantem
806 1250 1040 1298 panegyrico
1082 1250 1251 1287 carmine
1293 1255 1332 1288 et
1371 1250 1480 1289 luc-,u-

266 1306 372 1343 lenta
386 1307 554 1344 oratione
571 1307 750 1345 laudavit.
784 1308 829 1345 In
841 1309 1040 1346 vertendis
1054 1321 1145 1347 vero
1159 1308 1315 1347 Graecis
1335 1309 1480 1359 aliquot

266 1365 610 1414 epigrammatibus
652 1379 740 1404 cum
782 1367 927 1405 Thoma
967 1367 1076 1405 Moro
1117 1368 1350 1406 adulescens
1391 1381 1480 1407 eon-

205 1431 241 1458 20
267 1424 402 1461 tendit.
447 1424 810 1475 Quinquagenarius
842 1431 1017 1465 mortuus
1050 1432 1120 1465 est.
1170 1427 1354 1465 Relaturo
1387 1428 1478 1466 mihi

264 1483 411 1533 aliquid
445 1484 493 1521 de
515 1484 685 1522 Thomae
717 1485 814 1522 Mori
847 1486 997 1535 poetica
1027 1499 1071 1523 ac
1098 1486 1272 1524 doctrina
1292 1487 1480 1525 horrescit

264 1543 426 1589 animus7
443 1543 546 1592 quod
566 1544 676 1581 illum
697 1544 946 1582 acerbissima
967 1551 1090 1583 morte
1112 1557 1206 1583 suus
1230 1558 1300 1583 rex
1326 1545 1478 1584 adfecit.

264 1601 462 1651 Tantoque
495 1603 579 1640 eius
611 1603 713 1640 omni
746 1603 920 1641 doctrina
952 1604 1161 1642 mirabilior
1180 1604 1343 1645 videtur,
1375 1605 1478 1654 quod

263 1673 461 1710 nunquam
493 1661 620 1699 insula
657 1674 840 1711 egressus
882 1675 924 1700 se
956 1663 1040 1712 ipso
1073 1675 1168 1701 usus
1201 1669 1261 1701 est
1293 1665 1478 1713 magistro

204 1727 239 1754 ‘25
265 1720 439 1769 adeoque
465 1721 628 1770 profecit
659 1727 743 1759 tum
764 1721 912 1759 Graece
939 1727 1018 1760 tum
1042 1722 1189 1769 Latine,
1222 1728 1263 1760 ut
1286 1735 1307 1760 e
1330 1721 1478 1762 Graeco

266 1779 305 1816 in
343 1779 525 1817 Latinum
564 1780 734 1818 carmina
772 1786 942 1819 verteret
981 1786 1019 1819 et
1057 1782 1347 1831 epigrammatis
1385 1782 1478 1820 satis

264 1839 412 1887 argutis
443 1839 597 1877 luderet
628 1852 795 1889 cumque
817 1839 1009 1878 Gulielmo
1031 1840 1130 1878 Lilio
1161 1841 1335 1879 canendo
1360 1841 1477 1879 inter-

262 1896 354 1934 dum
403 1902 579 1936 certaret.
648 1899 739 1936 Mox
781 1899 829 1936 ad
871 1900 1046 1948 graviora
1088 1900 1215 1938 studia
1265 1911 1476 1939 conversus

263 1968 337 1993 non
365 1957 522 1994 inferior
543 1958 747 1995 videbatur
773 1958 853 1995 suis
873 1958 1099 2008 aequalibus
1121 1959 1265 2006 Colet0,
1287 1957 1476 2001 Grocinio,

203 2024 238 2049 ³0
263 2015 447 2065 Lupseto.
481 2016 646 2054 Ricardo
668 2017 824 2056 Pacaeo,
858 2017 1041 2055 Roffense
1073 2023 1111 2056 et
1139 2018 1234 2056 aliis.
1279 2017 1406 2065 Quare
1428 2019 1475 2056 ad

263 2086 435 2112 summos
456 2076 705 2123 magistratus
725 2077 772 2114 ob
792 2077 876 2114 eius
891 2077 1055 2115 virtutes
1076 2077 1122 2114 ab
1143 2077 1323 2122 Henrico,
1343 2082 1476 2116 octavo

262 2133 346 2171 eius
380 2134 546 2171 nominis
578 2147 682 2183 rege.
715 2139 874 2174 evectus
907 2141 976 2173 est.
1021 2136 1097 2175 Sed
1125 2148 1212 2174 cum
1234 2148 1303 2174 rex
1325 2137 1474 2186 repudii

263 2192 436 2230 libellum
470 2193 627 2242 reginae
655 2194 885 2232 Catherinae
917 2195 1009 2232 dare
1042 2195 1160 2233 vellet
1192 2200 1323 2233 contra
1349 2196 1475 2234 omnia

264 2251 392 2289 divina
426 2257 464 2289 et
497 2253 662 2290 humana
696 2254 789 2291 iura.
823 2254 907 2303 ipse
940 2266 1027 2292 sese
1052 2255 1339 2303 magistratibus
1369 2255 1475 2293 abdi·

202 2318 236 2343 35
263 2311 381 2349 cavit.
422 2316 463 2348 ut
494 2312 533 2348 in
565 2312 641 2349 otio
673 2313 790 2350 vitam
822 2313 1004 2361 duceret3
1045 2313 1113 2351 sed
1147 2325 1219 2351 nec
1252 2326 1295 2351 ea
1327 2314 1474 2352 ratione
