1701 2672
213 171 264 209 66
615 181 830 217 GYRALDvs,
861 182 910 207 DE
940 182 1080 209 Pomrs.

267 299 470 350 pangendo
501 298 647 336 felicior
677 311 795 348 quam
824 299 863 336 in
895 299 1021 337 soluta
1045 300 1213 338 oratione
1244 300 1338 338 mihi
1362 299 1483 338 fuisse

268 359 431 396 videtur.
493 357 581 395 Fuit
623 361 662 395 et
703 358 804 396 inter
847 357 979 396 Gallos
1023 359 1240 397 Salmonius
1290 358 1483 397 Macrinus

267 417 569 454 Iuliodunensis.
613 417 774 454 celebris
817 423 927 466 poeta
969 416 1122 465 Gallus,
1165 418 1312 466 lyricus
1355 418 1483 467 potius

268 488 384 526 quam
415 476 477 514 vel
508 475 642 524 elegus
674 475 735 513 vel
766 476 954 514 heroicus.
1001 476 1138 515 Libros
1169 477 1383 515 carminum
1415 488 1484 515 seu

225 544 242 570 5
267 535 427 573 odarum
449 535 654 584 plerosque
679 535 918 584 conscripsit7
951 535 1017 585 qui
1041 536 1133 573 editi
1159 540 1248 574 811111
1267 536 1425 574 Parisiis
1446 543 1483 574 et

268 594 413 644 passim
449 594 650 642 leguntur3
681 594 755 631 fuit
786 593 849 631 hic
879 607 901 631 a
932 594 1108 632 cubiculo
1146 595 1249 643 regis
1280 594 1482 633 Francisci.

211 661 268 695 [70]
309 653 510 690 Habentur
541 656 579 690 et
610 653 683 690 alia
715 653 797 690 eius
829 653 1015 702 opuscula
1035 653 1090 690 di-
1113 649 1116 707 Ι
1138 666 1250 692 verso
1269 654 1483 691 carminum

269 724 425 761 genere.⁷
476 712 629 761 scripsit
678 716 716 749 et
759 712 935 760 hymnos.
1008 712 1234 751 Dominicus
1281 713 1483 751 Mancinus

268 770 495 818 Germanus,
527 771 638 808 cuius
668 771 831 820 patriam
862 771 1006 820 ignoro,
1038 771 1207 821 plurima
1233 772 1387 821 scripsit
1405 775 1483 809 tam

209 839 242 864 10
267 835 389 868 metro
421 842 537 879 quam
569 830 693 868 soluta
725 830 909 877 oratione,
947 843 1044 880 quae
1075 830 1124 868 ad
1154 830 1328 868 notitiam
1358 842 1484 868 meam

267 902 343 926 11011
375 901 600 938 pervenereg
634 889 702 927 sed
733 901 783 927 ex
814 889 900 927 aliis
931 890 1078 938 audixi,
1109 890 1175 939 qui
1208 901 1248 927 se
1279 889 1318 926 in
1349 889 1484 939 primis

267 948 498 998 opusculum
530 948 671 997 legisse
702 948 907 986 adfirmant
945 949 992 986 de
1031 949 1175 986 domini
1213 948 1333 986 nostri
1368 960 1483 998 quam

268 1008 323 1045 sic
355 1019 537 1045 vocamus
568 1007 757 1056 passione.
801 1007 911 1045 Vixit
943 1009 1013 1045 sub
1046 1007 1320 1055 Maximiliano,
1345 1007 1484 1046 Roma-

268 1079 405 1104 norum
460 1078 572 1115 rege⁷
632 1079 732 1104 anno
782 1066 934 1104 circiter
979 1067 1067 1105 MD.
1117 1066 1388 1116 Engelhardus
1437 1066 1485 1104 de

210 1135 240 1160 15
266 1126 424 1164 Francia
457 1126 640 1166 orientali.
679 1125 830 1164 natione
863 1125 1096 1172 Germanus3
1129 1126 1272 1164 Romae
1310 1129 1485 1164 versatus

266 1189 325 1223 est
363 1189 401 1222 et
432 1185 601 1222 carmina
641 1185 805 1234 phu'ima
839 1185 1012 1234 scripsit,
1051 1197 1149 1235 quae
1186 1196 1484 1223 commemorare

269 1243 541 1294 supervacanei
561 1244 687 1293 operis
700 1244 863 1282 videtur.
909 1244 1056 1282 Claruit
1075 1244 1209 1282 eodem
1223 1243 1484 1281 Maximiliano

265 1303 477 1352 imperante
516 1303 679 1341 Iacobus
712 1303 1041 1353 Wimphelingus,
1083 1303 1261 1341 sacerdos
1302 1302 1484 1341 ecclesiae

267 1362 472 1411 Spirensis.
528 1362 717 1412 Pleraque
760 1362 879 1400 edidit
917 1363 1102 1409 carmina,
1152 1362 1251 1400 inter
1296 1374 1393 1411 quae
1436 1361 1484 1399 ad

208 1430 243 1455 21»
268 1421 521 1459 Ber-tholdum
562 1421 893 1471 archiepiscopum
934 1421 1204 1470 Moguntinum
1247 1433 1345 1470 opus
1387 1420 1485 1459 cele-

266 1481 478 1518 berrimum
508 1481 732 1518 hexametro
751 1486 789 1518 et
809 1485 1047 1530 pentametro
1065 1492 1180 1518 versu
1200 1480 1485 1529 elegantissime

266 1540 492 1589 composuit,
513 1539 616 1589 1111011
635 1539 871 1589 praenotavit
885 1541 941 1578 De
961 1539 1099 1589 triplici
1120 1539 1304 1587 candore;
1332 1539 1485 1588 scripsit

265 1604 303 1636 et
322 1599 512 1648 poeticam
539 1605 577 1637 et
596 1599 670 1637 alia
689 1599 881 1649 permulta
907 1599 1031 1637 soluta
1051 1599 1228 1645 oratione,
1258 1610 1355 1648 quae
1380 1598 1483 1647 apud

266 1658 457 1695 Teutonas
468 1658 667 1696 habentur.
696 1658 784 1695 Fuit
802 1662 840 1696 et
850 1658 977 1696 Ioachi
982 1670 1018 1695 111
1023 1670 1068 1696 us
1078 1657 1274 1695 Vadianus
1284 1657 1485 1695 Helvetius

206 1726 240 1751 25
265 1717 369 1766 apud
390 1716 602 1755 Germanos
623 1721 773 1755 nostros
793 1717 1025 1766 celebratus3
1054 1717 1224 1755 Viennae
1246 1716 1485 1755 Pannonicae

266 1776 502 1826 aliquamdiu
553 1777 683 1814 docuit
735 1776 996 1814 Maximiliano
1047 1776 1208 1815 Caesare
1260 1776 1484 1825 imperante.

266 1836 427 1885 Scripsit
443 1836 544 1873 varia
557 1840 641 1873 111111
656 1835 778 1873 soluta
792 1840 875 1874 tum
890 1836 1059 1885 pedestri
1074 1835 1254 1883 oratione,
1275 1835 1375 1873 inter
1388 1846 1485 1884 quae

266 1900 357 1932 sunt
389 1896 503 1932 haec:
536 1907 691 1933 carmen
710 1895 757 1932 de
785 1895 963 1933 laudibus
985 1894 1192 1933 Caesarum
1212 1894 1393 1933 Friderici
1414 1893 1483 1932 HI.

268 1954 388 2003 patris
420 1958 458 1991 et
490 1954 555 1991 filii
588 1954 851 2001 Maximiliani,
884 1954 1026 2003 ecloga.
1058 1954 1119 1991 cui
1152 1954 1288 1992 titulus
1319 1954 1485 1991 Faustus

206 2023 241 2047 30
267 2018 397 2050 contra
429 2013 580 2051 invidos
613 2013 817 2063 quosdam,
856 2013 981 2062 elegia
1011 2013 1146 2060 altera,
1184 2026 1260 2063 qua
1290 2017 1484 2051 certamen

267 2084 380 2109 suum
431 2084 520 2110 cum
569 2077 692 2110 morte
741 2073 938 2119 describit7
988 2078 1025 2110 et
1075 2072 1169 2109 odae
1218 2072 1256 2109 in
1306 2072 1485 2110 laildibus

267 2131 490 2178 dominicae.
523 2136 565 2169 ut
595 2131 800 2169 Christiani
826 2131 1001 2179 dicimus,
1034 2131 1334 2178 resurrectionis,
1367 2131 1484 2169 silvae

266 2191 314 2227 de
356 2191 533 2228 laudibus
574 2191 736 2240 patriae,
781 2191 828 2228 de
870 2191 1014 2240 poetica
1053 2195 1091 2228 et
1123 2190 1303 2228 carminis
1341 2190 1485 2228 ratione

267 2249 372 2287 liber.
434 2250 596 2288 Ioannes
636 2250 894 2299 Cuspinianus
937 2249 1171 2297 Germanus,
1213 2250 1323 2287 cuius
1364 2249 1485 2287 multa

206 2317 242 2341 '⁵5
271 2314 423 2346 exstant
456 2321 545 2347 cum
577 2309 744 2347 carmine
775 2313 857 2346 tum
897 2309 1019 2347 soluta
1059 2309 1227 2347 oratione
1259 2309 1484 2358 conscripta,
