<?xml version="1.0" encoding="UTF-8"?>
<!DOCTYPE html PUBLIC "-//W3C//DTD XHTML 1.0 Transitional//EN"
    "http://www.w3.org/TR/xhtml1/DTD/xhtml1-transitional.dtd">
<html xmlns="http://www.w3.org/1999/xhtml" xml:lang="en" lang="en">
 <head>
  <title>
</title>
<meta http-equiv="Content-Type" content="text/html;charset=utf-8" />
  <meta name='ocr-system' content='tesseract 3.04.00' />
  <meta name='ocr-capabilities' content='ocr_page ocr_carea ocr_par ocr_line ocrx_word'/>
</head>
<body>
  <div class='ocr_page' id='page_1' title='image "./depoetisnostrorv00girauoft_0094.png"; bbox 0 0 1701 2672; ppageno 0'>
   <div class='ocr_carea' id='block_1_1' title="bbox 257 140 1121 184">
    <p class='ocr_par' dir='ltr' id='par_1_1' title="bbox 257 140 1121 184">
     <span class='ocr_line' id='line_1_1' title="bbox 257 140 1121 184; baseline -0.002 -8"><span class='ocrx_word' id='word_1_1' title='bbox 257 140 309 177; x_wconf 73' lang='lat'>64</span> <span class='ocrx_word' id='word_1_2' title='bbox 656 149 871 184; x_wconf 69' lang='lat' dir='ltr'>GYRALDVS,</span> <span class='ocrx_word' id='word_1_3' title='bbox 902 149 951 174; x_wconf 79' lang='lat' dir='ltr'>m:</span> <span class='ocrx_word' id='word_1_4' title='bbox 981 149 1121 175; x_wconf 70' lang='lat' dir='ltr'>pomus.</span> 
     </span>
    </p>
   </div>
   <div class='ocr_carea' id='block_1_2' title="bbox 254 266 1534 2320">
    <p class='ocr_par' dir='ltr' id='par_1_2' title="bbox 263 266 1526 492">
     <span class='ocr_line' id='line_1_2' title="bbox 263 266 1526 316; baseline 0 -12"><span class='ocrx_word' id='word_1_5' title='bbox 263 312 266 315; x_wconf 16' lang='grc' dir='ltr'><em>Α</em></span> <span class='ocrx_word' id='word_1_6' title='bbox 308 267 493 316; x_wconf 84' lang='lat' dir='ltr'>Euripide</span> <span class='ocrx_word' id='word_1_7' title='bbox 524 267 687 304; x_wconf 76' lang='lat' dir='ltr'>feliciter</span> <span class='ocrx_word' id='word_1_8' title='bbox 718 267 935 315; x_wconf 78' lang='lat' dir='ltr'>tragoedias</span> <span class='ocrx_word' id='word_1_9' title='bbox 966 266 1124 304; x_wconf 87' lang='lat' dir='ltr'>Latinas</span> <span class='ocrx_word' id='word_1_10' title='bbox 1161 266 1262 304; x_wconf 88' lang='lat' dir='ltr'>fecit.</span> <span class='ocrx_word' id='word_1_11' title='bbox 1324 266 1456 304; x_wconf 83' lang='lat' dir='ltr'>Edidit</span> <span class='ocrx_word' id='word_1_12' title='bbox 1486 270 1526 304; x_wconf 86' lang='lat' dir='ltr'>et-</span> 
     </span>
     <span class='ocr_line' id='line_1_3' title="bbox 308 325 1525 375; baseline 0 -12"><span class='ocrx_word' id='word_1_13' title='bbox 308 327 408 375; x_wconf 82' lang='lat' dir='ltr'>ipse,</span> <span class='ocrx_word' id='word_1_14' title='bbox 451 326 520 363; x_wconf 89' lang='lat' dir='ltr'>sed</span> <span class='ocrx_word' id='word_1_15' title='bbox 561 338 637 362; x_wconf 90' lang='lat' dir='ltr'>non</span> <span class='ocrx_word' id='word_1_16' title='bbox 670 326 751 375; x_wconf 86' lang='lat' dir='ltr'>pari</span> <span class='ocrx_word' id='word_1_17' title='bbox 782 325 983 372; x_wconf 82' lang='lat' dir='ltr'>felicitate,</span> <span class='ocrx_word' id='word_1_18' title='bbox 1015 325 1143 375; x_wconf 75' lang='lat' dir='ltr'>aliqua</span> <span class='ocrx_word' id='word_1_19' title='bbox 1175 338 1243 363; x_wconf 89' lang='lat' dir='ltr'>sua</span> <span class='ocrx_word' id='word_1_20' title='bbox 1283 325 1454 363; x_wconf 86' lang='lat' dir='ltr'>carmina</span> <span class='ocrx_word' id='word_1_21' title='bbox 1485 330 1525 363; x_wconf 87' lang='lat' dir='ltr'>et</span> 
     </span>
     <span class='ocr_line' id='line_1_4' title="bbox 310 382 1525 434; baseline 0.002 -14"><span class='ocrx_word' id='word_1_22' title='bbox 310 397 446 423; x_wconf 66' lang='lat' dir='ltr'>versus</span> <span class='ocrx_word' id='word_1_23' title='bbox 466 385 607 434; x_wconf 82' lang='lat' dir='ltr'>partim</span> <span class='ocrx_word' id='word_1_24' title='bbox 640 396 707 422; x_wconf 84' lang='lat' dir='ltr'>sua</span> <span class='ocrx_word' id='word_1_25' title='bbox 736 384 875 422; x_wconf 81' lang='lat' dir='ltr'>incude</span> <span class='ocrx_word' id='word_1_26' title='bbox 894 385 1088 431; x_wconf 82' lang='lat' dir='ltr'>formatos,</span> <span class='ocrx_word' id='word_1_27' title='bbox 1120 384 1261 433; x_wconf 71' lang='lat' dir='ltr'>paltim</span> <span class='ocrx_word' id='word_1_28' title='bbox 1291 396 1342 421; x_wconf 78' lang='lat' dir='ltr'>ex</span> <span class='ocrx_word' id='word_1_29' title='bbox 1362 382 1525 422; x_wconf 79' lang='lat' dir='ltr'>diversis</span> 
     </span>
     <span class='ocr_line' id='line_1_5' title="bbox 310 443 1526 492; baseline -0.001 -11"><span class='ocrx_word' id='word_1_30' title='bbox 310 443 469 481; x_wconf 80' lang='lat' dir='ltr'>Graecis</span> <span class='ocrx_word' id='word_1_31' title='bbox 508 444 547 480; x_wconf 84' lang='lat' dir='ltr'>in</span> <span class='ocrx_word' id='word_1_32' title='bbox 578 443 759 481; x_wconf 88' lang='lat' dir='ltr'>Latinum</span> <span class='ocrx_word' id='word_1_33' title='bbox 793 455 1010 481; x_wconf 80' lang='lat' dir='ltr'>conversos.</span> <span class='ocrx_word' id='word_1_34' title='bbox 1048 443 1121 480; x_wconf 69' lang='lat' dir='ltr'>Vir</span> <span class='ocrx_word' id='word_1_35' title='bbox 1157 443 1222 480; x_wconf 84' lang='lat' dir='ltr'>hic</span> <span class='ocrx_word' id='word_1_36' title='bbox 1258 443 1342 481; x_wconf 85' lang='lat' dir='ltr'>iure</span> <span class='ocrx_word' id='word_1_37' title='bbox 1380 443 1526 492; x_wconf 81' lang='lat' dir='ltr'>ubique</span> 
     </span>
    </p>

    <p class='ocr_par' dir='ltr' id='par_1_3' title="bbox 268 501 1528 788">
     <span class='ocr_line' id='line_1_6' title="bbox 268 501 1526 552; baseline -0.001 -12"><span class='ocrx_word' id='word_1_38' title='bbox 268 513 284 536; x_wconf 70' lang='lat'>7»</span> <span class='ocrx_word' id='word_1_39' title='bbox 310 515 491 552; x_wconf 77' lang='lat' dir='ltr'>magnus,</span> <span class='ocrx_word' id='word_1_40' title='bbox 534 503 603 539; x_wconf 85' lang='lat' dir='ltr'>sed</span> <span class='ocrx_word' id='word_1_41' title='bbox 643 515 692 540; x_wconf 86' lang='lat' dir='ltr'>an</span> <span class='ocrx_word' id='word_1_42' title='bbox 736 507 867 540; x_wconf 87' lang='lat' dir='ltr'>tantus</span> <span class='ocrx_word' id='word_1_43' title='bbox 898 502 1033 547; x_wconf 89' lang='lat' dir='ltr'>fuerit,</span> <span class='ocrx_word' id='word_1_44' title='bbox 1074 507 1243 551; x_wconf 71' lang='lat' dir='ltr'>quantus</span> <span class='ocrx_word' id='word_1_45' title='bbox 1274 514 1295 539; x_wconf 88' lang='lat' dir='ltr'>a</span> <span class='ocrx_word' id='word_1_46' title='bbox 1328 501 1526 539; x_wconf 84' lang='lat' dir='ltr'>nonnullis</span> 
     </span>
     <span class='ocr_line' id='line_1_7' title="bbox 309 561 1528 610; baseline -0.001 -11"><span class='ocrx_word' id='word_1_47' title='bbox 309 562 572 607; x_wconf 78' lang='lat' dir='ltr'>existimatur,</span> <span class='ocrx_word' id='word_1_48' title='bbox 614 562 717 598; x_wconf 88' lang='lat' dir='ltr'>haud</span> <span class='ocrx_word' id='word_1_49' title='bbox 758 561 852 598; x_wconf 84' lang='lat' dir='ltr'>mihi</span> <span class='ocrx_word' id='word_1_50' title='bbox 894 573 1031 610; x_wconf 85' lang='lat' dir='ltr'>parum</span> <span class='ocrx_word' id='word_1_51' title='bbox 1079 561 1222 610; x_wconf 81' lang='lat' dir='ltr'>liquet;</span> <span class='ocrx_word' id='word_1_52' title='bbox 1273 565 1376 598; x_wconf 78' lang='lat' dir='ltr'>certe</span> <span class='ocrx_word' id='word_1_53' title='bbox 1425 561 1528 598; x_wconf 87' lang='lat' dir='ltr'>inter</span> 
     </span>
     <span class='ocr_line' id='line_1_8' title="bbox 311 618 1525 669; baseline -0.002 -11"><span class='ocrx_word' id='word_1_54' title='bbox 311 620 526 658; x_wconf 85' lang='lat' dir='ltr'>Germanos</span> <span class='ocrx_word' id='word_1_55' title='bbox 547 620 719 658; x_wconf 84' lang='lat' dir='ltr'>Latinus.</span> <span class='ocrx_word' id='word_1_56' title='bbox 751 620 851 657; x_wconf 87' lang='lat' dir='ltr'>inter</span> <span class='ocrx_word' id='word_1_57' title='bbox 879 620 1038 657; x_wconf 85' lang='lat' dir='ltr'>Latinos</span> <span class='ocrx_word' id='word_1_58' title='bbox 1070 619 1276 669; x_wconf 83' lang='lat' dir='ltr'>aliquando</span> <span class='ocrx_word' id='word_1_59' title='bbox 1297 618 1525 657; x_wconf 85' lang='lat' dir='ltr'>Germanus.</span> 
     </span>
     <span class='ocr_line' id='line_1_9' title="bbox 311 677 1527 728; baseline 0 -12"><span class='ocrx_word' id='word_1_60' title='bbox 311 680 398 717; x_wconf 84' lang='lat' dir='ltr'>Fuit</span> <span class='ocrx_word' id='word_1_61' title='bbox 439 686 477 717; x_wconf 86' lang='lat' dir='ltr'>et</span> <span class='ocrx_word' id='word_1_62' title='bbox 520 680 655 717; x_wconf 84' lang='lat' dir='ltr'>eodeni</span> <span class='ocrx_word' id='word_1_63' title='bbox 699 684 872 728; x_wconf 85' lang='lat' dir='ltr'>tempore</span> <span class='ocrx_word' id='word_1_64' title='bbox 911 677 1129 716; x_wconf 87' lang='lat' dir='ltr'>Gulielmus</span> <span class='ocrx_word' id='word_1_65' title='bbox 1169 678 1367 721; x_wconf 76' lang='lat' dir='ltr'>Budaeus,</span> <span class='ocrx_word' id='word_1_66' title='bbox 1411 679 1527 716; x_wconf 88' lang='grc'>1101110</span> 
     </span>
     <span class='ocr_line' id='line_1_10' title="bbox 312 737 1526 788; baseline -0.002 -11"><span class='ocrx_word' id='word_1_67' title='bbox 312 739 466 780; x_wconf 76' lang='lat' dir='ltr'>Gallus.v</span> <span class='ocrx_word' id='word_1_68' title='bbox 521 739 579 776; x_wconf 79' lang='lat' dir='ltr'>vir</span> <span class='ocrx_word' id='word_1_69' title='bbox 621 738 777 788; x_wconf 71' lang='lat' dir='ltr'>quidem</span> <span class='ocrx_word' id='word_1_70' title='bbox 816 737 1066 775; x_wconf 78' lang='lat' dir='ltr'>doctissimus</span> <span class='ocrx_word' id='word_1_71' title='bbox 1106 742 1144 775; x_wconf 88' lang='lat' dir='ltr'>et</span> <span class='ocrx_word' id='word_1_72' title='bbox 1181 737 1409 775; x_wconf 83' lang='lat' dir='ltr'>eruditionis</span> <span class='ocrx_word' id='word_1_73' title='bbox 1449 749 1526 775; x_wconf 86' lang='lat' dir='ltr'>non</span> 
     </span>
    </p>

    <p class='ocr_par' dir='ltr' id='par_1_4' title="bbox 254 795 1528 1083">
     <span class='ocr_line' id='line_1_11' title="bbox 254 795 1525 847; baseline 0.002 -15"><span class='ocrx_word' id='word_1_74' title='bbox 254 809 285 832; x_wconf 76' lang='lat' dir='ltr'>io</span> <span class='ocrx_word' id='word_1_75' title='bbox 312 805 372 840; x_wconf 70' lang='grc'>[74]</span> <span class='ocrx_word' id='word_1_76' title='bbox 387 798 569 845; x_wconf 74' lang='lat' dir='ltr'>vulgaris,</span> <span class='ocrx_word' id='word_1_77' title='bbox 585 797 652 835; x_wconf 83' lang='lat' dir='ltr'>sed</span> <span class='ocrx_word' id='word_1_78' title='bbox 666 802 853 847; x_wconf 74' lang='lat' dir='ltr'>quantuni</span> <span class='ocrx_word' id='word_1_79' title='bbox 873 797 973 834; x_wconf 87' lang='lat' dir='ltr'>inter</span> <span class='ocrx_word' id='word_1_80' title='bbox 994 801 1127 846; x_wconf 84' lang='lat' dir='ltr'>poetas</span> <span class='ocrx_word' id='word_1_81' title='bbox 1147 796 1361 845; x_wconf 76' lang='lat' dir='ltr'>profecerit,</span> <span class='ocrx_word' id='word_1_82' title='bbox 1375 795 1525 845; x_wconf 61' lang='lat' dir='ltr'>nescim</span> 
     </span>
     <span class='ocr_line' id='line_1_12' title="bbox 317 854 1528 906; baseline -0.001 -12"><span class='ocrx_word' id='word_1_83' title='bbox 317 870 365 894; x_wconf 85' lang='lat' dir='ltr'>ex</span> <span class='ocrx_word' id='word_1_84' title='bbox 413 857 553 906; x_wconf 82' lang='lat' dir='ltr'>ipsius,</span> <span class='ocrx_word' id='word_1_85' title='bbox 603 869 703 906; x_wconf 66' lang='lat' dir='ltr'>«luae</span> <span class='ocrx_word' id='word_1_86' title='bbox 747 856 874 894; x_wconf 88' lang='lat' dir='ltr'>adhuc</span> <span class='ocrx_word' id='word_1_87' title='bbox 919 868 991 903; x_wconf 72' lang='lat' dir='ltr'>ego</span> <span class='ocrx_word' id='word_1_88' title='bbox 1033 855 1212 902; x_wconf 79' lang='lat' dir='ltr'>viderim,</span> <span class='ocrx_word' id='word_1_89' title='bbox 1258 854 1414 904; x_wconf 82' lang='lat' dir='ltr'>scriptis</span> <span class='ocrx_word' id='word_1_90' title='bbox 1461 854 1528 893; x_wconf 84' lang='lat' dir='ltr'>ille</span> 
     </span>
     <span class='ocr_line' id='line_1_13' title="bbox 312 914 1527 966; baseline 0 -16"><span class='ocrx_word' id='word_1_91' title='bbox 312 917 486 966; x_wconf 67' lang='lat' dir='ltr'>quidem,</span> <span class='ocrx_word' id='word_1_92' title='bbox 531 916 581 952; x_wconf 89' lang='lat' dir='ltr'>ad</span> <span class='ocrx_word' id='word_1_93' title='bbox 625 927 892 964; x_wconf 66' lang='lat' dir='ltr'>quaecumque</span> <span class='ocrx_word' id='word_1_94' title='bbox 935 915 1081 958; x_wconf 72' lang='lat' dir='ltr'>velitis,</span> <span class='ocrx_word' id='word_1_95' title='bbox 1126 914 1157 951; x_wconf 87' lang='lat' dir='ltr'>si</span> <span class='ocrx_word' id='word_1_96' title='bbox 1201 926 1277 951; x_wconf 90' lang='grc'>11011</span> <span class='ocrx_word' id='word_1_97' title='bbox 1321 914 1527 960; x_wconf 80' lang='lat' dir='ltr'>detersam,</span> 
     </span>
     <span class='ocr_line' id='line_1_14' title="bbox 315 972 1528 1025; baseline -0.002 -12"><span class='ocrx_word' id='word_1_98' title='bbox 315 980 488 1025; x_wconf 87' lang='lat' dir='ltr'>paratam</span> <span class='ocrx_word' id='word_1_99' title='bbox 528 981 656 1012; x_wconf 90' lang='lat' dir='ltr'>tamen</span> <span class='ocrx_word' id='word_1_100' title='bbox 707 980 744 1012; x_wconf 88' lang='lat' dir='ltr'>et</span> <span class='ocrx_word' id='word_1_101' title='bbox 787 974 980 1023; x_wconf 85' lang='lat' dir='ltr'>copiosam</span> <span class='ocrx_word' id='word_1_102' title='bbox 1022 973 1305 1022; x_wconf 86' lang='lat' dir='ltr'>supellectilem</span> <span class='ocrx_word' id='word_1_103' title='bbox 1345 972 1528 1010; x_wconf 87' lang='lat' dir='ltr'>habuisse</span> 
     </span>
     <span class='ocr_line' id='line_1_15' title="bbox 312 1031 1528 1083; baseline -0.002 -13"><span class='ocrx_word' id='word_1_104' title='bbox 312 1035 475 1072; x_wconf 77' lang='lat' dir='ltr'>videtur.</span> <span class='ocrx_word' id='word_1_105' title='bbox 526 1033 704 1083; x_wconf 80' lang='lat' dir='ltr'>[Ioannes</span> <span class='ocrx_word' id='word_1_106' title='bbox 736 1033 891 1083; x_wconf 65' lang='lat' dir='ltr'>quidem</span> <span class='ocrx_word' id='word_1_107' title='bbox 924 1032 1113 1079; x_wconf 86' lang='lat' dir='ltr'>Bellaius,</span> <span class='ocrx_word' id='word_1_108' title='bbox 1145 1031 1375 1069; x_wconf 87' lang='lat' dir='ltr'>Parisiensis</span> <span class='ocrx_word' id='word_1_109' title='bbox 1406 1031 1528 1070; x_wconf 71' lang='lat' dir='ltr'>cardi-</span> 
     </span>
    </p>

    <p class='ocr_par' dir='ltr' id='par_1_5' title="bbox 255 1091 1530 1379">
     <span class='ocr_line' id='line_1_16' title="bbox 255 1091 1530 1140; baseline 0.001 -13"><span class='ocrx_word' id='word_1_110' title='bbox 255 1103 286 1128; x_wconf 65' lang='grc'>13</span> <span class='ocrx_word' id='word_1_111' title='bbox 312 1093 427 1140; x_wconf 79' lang='lat' dir='ltr'>nalis,</span> <span class='ocrx_word' id='word_1_112' title='bbox 468 1099 506 1131; x_wconf 84' lang='lat' dir='ltr'>et</span> <span class='ocrx_word' id='word_1_113' title='bbox 550 1093 636 1130; x_wconf 89' lang='lat' dir='ltr'>aula</span> <span class='ocrx_word' id='word_1_114' title='bbox 676 1099 713 1130; x_wconf 89' lang='lat' dir='ltr'>et</span> <span class='ocrx_word' id='word_1_115' title='bbox 751 1092 874 1130; x_wconf 79' lang='lat' dir='ltr'>Musis</span> <span class='ocrx_word' id='word_1_116' title='bbox 915 1091 1094 1140; x_wconf 84' lang='lat' dir='ltr'>insignis,</span> <span class='ocrx_word' id='word_1_117' title='bbox 1134 1091 1174 1128; x_wconf 89' lang='grc'>111</span> <span class='ocrx_word' id='word_1_118' title='bbox 1215 1091 1287 1129; x_wconf 81' lang='lat' dir='ltr'>hoo</span> <span class='ocrx_word' id='word_1_119' title='bbox 1329 1095 1530 1140; x_wconf 85' lang='lat' dir='ltr'>poetarum</span> 
     </span>
     <span class='ocr_line' id='line_1_17' title="bbox 313 1149 1529 1200; baseline -0.003 -10"><span class='ocrx_word' id='word_1_120' title='bbox 313 1165 472 1190; x_wconf 90' lang='lat' dir='ltr'>numero</span> <span class='ocrx_word' id='word_1_121' title='bbox 501 1157 560 1189; x_wconf 83' lang='lat' dir='ltr'>est</span> <span class='ocrx_word' id='word_1_122' title='bbox 585 1151 933 1198; x_wconf 86' lang='lat' dir='ltr'>connumerandus,</span> <span class='ocrx_word' id='word_1_123' title='bbox 965 1151 1108 1200; x_wconf 78' lang='lat' dir='ltr'>quippe</span> <span class='ocrx_word' id='word_1_124' title='bbox 1134 1150 1260 1200; x_wconf 75' lang='lat' dir='ltr'>quiin</span> <span class='ocrx_word' id='word_1_125' title='bbox 1285 1149 1437 1198; x_wconf 87' lang='lat' dir='ltr'>magnis</span> <span class='ocrx_word' id='word_1_126' title='bbox 1468 1149 1529 1187; x_wconf 89' lang='lat' dir='ltr'>sui</span> 
     </span>
     <span class='ocr_line' id='line_1_18' title="bbox 313 1210 1528 1260; baseline -0.003 -11"><span class='ocrx_word' id='word_1_127' title='bbox 313 1212 416 1260; x_wconf 83' lang='lat' dir='ltr'>regis</span> <span class='ocrx_word' id='word_1_128' title='bbox 466 1211 632 1260; x_wconf 80' lang='lat' dir='ltr'>negotiis</span> <span class='ocrx_word' id='word_1_129' title='bbox 679 1223 768 1248; x_wconf 90' lang='lat' dir='ltr'>cum</span> <span class='ocrx_word' id='word_1_130' title='bbox 815 1210 881 1247; x_wconf 89' lang='lat' dir='ltr'>diu</span> <span class='ocrx_word' id='word_1_131' title='bbox 928 1214 1104 1247; x_wconf 78' lang='lat' dir='ltr'>versatus</span> <span class='ocrx_word' id='word_1_132' title='bbox 1154 1213 1274 1249; x_wconf 75' lang='lat' dir='ltr'>esset,</span> <span class='ocrx_word' id='word_1_133' title='bbox 1330 1220 1528 1258; x_wconf 83' lang='lat' dir='ltr'>nunquam</span> 
     </span>
     <span class='ocr_line' id='line_1_19' title="bbox 313 1267 1530 1318; baseline -0.003 -10"><span class='ocrx_word' id='word_1_134' title='bbox 313 1277 441 1308; x_wconf 85' lang='lat' dir='ltr'>tamen</span> <span class='ocrx_word' id='word_1_135' title='bbox 473 1271 591 1308; x_wconf 82' lang='lat' dir='ltr'>bonas</span> <span class='ocrx_word' id='word_1_136' title='bbox 621 1270 769 1307; x_wconf 77' lang='lat' dir='ltr'>litteras</span> <span class='ocrx_word' id='word_1_137' title='bbox 796 1269 991 1317; x_wconf 72' lang='lat' dir='ltr'>destituit:</span> <span class='ocrx_word' id='word_1_138' title='bbox 1024 1281 1113 1306; x_wconf 87' lang='lat' dir='ltr'>nam</span> <span class='ocrx_word' id='word_1_139' title='bbox 1132 1272 1282 1318; x_wconf 86' lang='lat' dir='ltr'>praeter</span> <span class='ocrx_word' id='word_1_140' title='bbox 1301 1267 1373 1305; x_wconf 84' lang='lat' dir='ltr'>alia</span> <span class='ocrx_word' id='word_1_141' title='bbox 1394 1279 1530 1306; x_wconf 80' lang='lat' dir='ltr'>versus</span> 
     </span>
     <span class='ocr_line' id='line_1_20' title="bbox 314 1327 1530 1379; baseline -0.002 -12"><span class='ocrx_word' id='word_1_142' title='bbox 314 1342 466 1379; x_wconf 67' lang='lat' dir='ltr'>quoque</span> <span class='ocrx_word' id='word_1_143' title='bbox 495 1330 578 1367; x_wconf 90' lang='lat' dir='ltr'>eius</span> <span class='ocrx_word' id='word_1_144' title='bbox 597 1328 804 1379; x_wconf 64' lang='lat' dir='ltr'>leguntur]</span> <span class='ocrx_word' id='word_1_145' title='bbox 845 1328 966 1366; x_wconf 86' lang='lat' dir='ltr'>Fuere</span> <span class='ocrx_word' id='word_1_146' title='bbox 997 1334 1123 1365; x_wconf 86' lang='lat' dir='ltr'>tamen</span> <span class='ocrx_word' id='word_1_147' title='bbox 1155 1327 1229 1366; x_wconf 83' lang='lat' dir='ltr'>alii.</span> <span class='ocrx_word' id='word_1_148' title='bbox 1261 1332 1299 1364; x_wconf 91' lang='lat' dir='ltr'>et</span> <span class='ocrx_word' id='word_1_149' title='bbox 1320 1338 1424 1364; x_wconf 82' lang='lat' dir='ltr'>nune</span> <span class='ocrx_word' id='word_1_150' title='bbox 1444 1338 1530 1364; x_wconf 86' lang='lat' dir='ltr'>esse</span> 
     </span>
    </p>

    <p class='ocr_par' dir='ltr' id='par_1_6' title="bbox 255 1385 1532 1671">
     <span class='ocr_line' id='line_1_21' title="bbox 255 1385 1531 1438; baseline -0.001 -15"><span class='ocrx_word' id='word_1_151' title='bbox 255 1389 428 1427; x_wconf 63' lang='grc' dir='ltr'>Δ,1191111111</span> <span class='ocrx_word' id='word_1_152' title='bbox 477 1389 623 1438; x_wconf 78' lang='lat' dir='ltr'>aliquot</span> <span class='ocrx_word' id='word_1_153' title='bbox 672 1388 775 1437; x_wconf 83' lang='lat' dir='ltr'>apud</span> <span class='ocrx_word' id='word_1_154' title='bbox 826 1386 958 1425; x_wconf 82' lang='lat' dir='ltr'>Gallos</span> <span class='ocrx_word' id='word_1_155' title='bbox 1000 1387 1039 1423; x_wconf 90' lang='lat' dir='ltr'>in</span> <span class='ocrx_word' id='word_1_156' title='bbox 1082 1387 1153 1423; x_wconf 83' lang='lat' dir='ltr'>hac</span> <span class='ocrx_word' id='word_1_157' title='bbox 1195 1386 1378 1423; x_wconf 79' lang='lat' dir='ltr'>facultate</span> <span class='ocrx_word' id='word_1_158' title='bbox 1426 1385 1531 1422; x_wconf 86' lang='lat' dir='ltr'>haud</span> 
     </span>
     <span class='ocr_line' id='line_1_22' title="bbox 314 1444 1532 1496; baseline -0.002 -11"><span class='ocrx_word' id='word_1_159' title='bbox 314 1449 491 1494; x_wconf 67' lang='lat' dir='ltr'>infantes,</span> <span class='ocrx_word' id='word_1_160' title='bbox 524 1447 571 1485; x_wconf 85' lang='lat' dir='ltr'>de</span> <span class='ocrx_word' id='word_1_161' title='bbox 603 1447 754 1496; x_wconf 71' lang='lat' dir='ltr'>quibus,</span> <span class='ocrx_word' id='word_1_162' title='bbox 787 1452 829 1484; x_wconf 88' lang='lat' dir='ltr'>ut</span> <span class='ocrx_word' id='word_1_163' title='bbox 851 1450 1035 1493; x_wconf 76' lang='lat' dir='ltr'>occurret,</span> <span class='ocrx_word' id='word_1_164' title='bbox 1067 1457 1190 1493; x_wconf 84' lang='lat' dir='ltr'>agam.</span> <span class='ocrx_word' id='word_1_165' title='bbox 1235 1444 1312 1483; x_wconf 87' lang='lat' dir='ltr'>Sed</span> <span class='ocrx_word' id='word_1_166' title='bbox 1331 1456 1381 1482; x_wconf 79' lang='lat' dir='ltr'>ex</span> <span class='ocrx_word' id='word_1_167' title='bbox 1402 1448 1532 1482; x_wconf 84' lang='lat' dir='ltr'>nostra</span> 
     </span>
     <span class='ocr_line' id='line_1_23' title="bbox 316 1503 1532 1553; baseline -0.004 -8"><span class='ocrx_word' id='word_1_168' title='bbox 316 1506 522 1545; x_wconf 81' lang='lat' dir='ltr'>Germania</span> <span class='ocrx_word' id='word_1_169' title='bbox 544 1519 618 1543; x_wconf 91' lang='grc'>11011</span> <span class='ocrx_word' id='word_1_170' title='bbox 634 1506 754 1543; x_wconf 87' lang='lat' dir='ltr'>multo</span> <span class='ocrx_word' id='word_1_171' title='bbox 773 1510 862 1543; x_wconf 90' lang='lat' dir='ltr'>ante</span> <span class='ocrx_word' id='word_1_172' title='bbox 881 1506 952 1542; x_wconf 87' lang='lat' dir='ltr'>hos</span> <span class='ocrx_word' id='word_1_173' title='bbox 971 1516 1092 1542; x_wconf 88' lang='lat' dir='ltr'>annos</span> <span class='ocrx_word' id='word_1_174' title='bbox 1106 1504 1336 1553; x_wconf 87' lang='lat' dir='ltr'>Rudolphus</span> <span class='ocrx_word' id='word_1_175' title='bbox 1350 1503 1532 1552; x_wconf 86' lang='lat' dir='ltr'>Agricola</span> 
     </span>
     <span class='ocr_line' id='line_1_24' title="bbox 314 1561 1529 1614; baseline -0.003 -11"><span class='ocrx_word' id='word_1_176' title='bbox 314 1567 396 1604; x_wconf 82' lang='lat' dir='ltr'>fuit.</span> <span class='ocrx_word' id='word_1_177' title='bbox 411 1566 573 1606; x_wconf 81' lang='lat' dir='ltr'>Frisius:</span> <span class='ocrx_word' id='word_1_178' title='bbox 595 1566 632 1602; x_wconf 92' lang='grc'>111</span> <span class='ocrx_word' id='word_1_179' title='bbox 647 1565 758 1603; x_wconf 86' lang='lat' dir='ltr'>Italia</span> <span class='ocrx_word' id='word_1_180' title='bbox 771 1565 950 1614; x_wconf 85' lang='lat' dir='ltr'>primum,</span> <span class='ocrx_word' id='word_1_181' title='bbox 971 1576 1060 1601; x_wconf 83' lang='lat' dir='ltr'>mox</span> <span class='ocrx_word' id='word_1_182' title='bbox 1080 1563 1183 1612; x_wconf 86' lang='lat' dir='ltr'>apud</span> <span class='ocrx_word' id='word_1_183' title='bbox 1203 1574 1294 1600; x_wconf 90' lang='lat' dir='ltr'>suos</span> <span class='ocrx_word' id='word_1_184' title='bbox 1313 1561 1529 1612; x_wconf 81' lang='lat' dir='ltr'>exquisitae</span> 
     </span>
     <span class='ocr_line' id='line_1_25' title="bbox 315 1621 1531 1671; baseline -0.002 -11"><span class='ocrx_word' id='word_1_185' title='bbox 315 1625 511 1663; x_wconf 83' lang='lat' dir='ltr'>doctrinae</span> <span class='ocrx_word' id='word_1_186' title='bbox 525 1625 652 1662; x_wconf 86' lang='lat' dir='ltr'>studia</span> <span class='ocrx_word' id='word_1_187' title='bbox 666 1636 740 1661; x_wconf 89' lang='lat' dir='ltr'>non</span> <span class='ocrx_word' id='word_1_188' title='bbox 755 1623 850 1661; x_wconf 88' lang='grc'>1111111</span> <span class='ocrx_word' id='word_1_189' title='bbox 864 1623 1017 1671; x_wconf 76' lang='lat' dir='ltr'>longius</span> <span class='ocrx_word' id='word_1_190' title='bbox 1033 1635 1054 1660; x_wconf 89' lang='lat' dir='ltr'>a</span> <span class='ocrx_word' id='word_1_191' title='bbox 1070 1622 1181 1660; x_wconf 87' lang='lat' dir='ltr'>litore</span> <span class='ocrx_word' id='word_1_192' title='bbox 1195 1621 1384 1671; x_wconf 81' lang='lat' dir='ltr'>provexit,</span> <span class='ocrx_word' id='word_1_193' title='bbox 1396 1633 1531 1659; x_wconf 83' lang='lat' dir='ltr'>verum</span> 
     </span>
    </p>

    <p class='ocr_par' dir='ltr' id='par_1_7' title="bbox 256 1679 1534 1971">
     <span class='ocr_line' id='line_1_26' title="bbox 256 1679 1532 1732; baseline -0.002 -12"><span class='ocrx_word' id='word_1_194' title='bbox 256 1694 289 1719; x_wconf 55' lang='lat'>⁴:71</span> <span class='ocrx_word' id='word_1_195' title='bbox 315 1685 523 1722; x_wconf 87' lang='lat' dir='ltr'>immaturo</span> <span class='ocrx_word' id='word_1_196' title='bbox 537 1684 642 1721; x_wconf 81' lang='lat' dir='ltr'>obitu</span> <span class='ocrx_word' id='word_1_197' title='bbox 656 1695 731 1720; x_wconf 89' lang='lat' dir='ltr'>non</span> <span class='ocrx_word' id='word_1_198' title='bbox 746 1695 789 1721; x_wconf 89' lang='lat' dir='ltr'>ea</span> <span class='ocrx_word' id='word_1_199' title='bbox 803 1683 926 1732; x_wconf 85' lang='lat' dir='ltr'>potuit</span> <span class='ocrx_word' id='word_1_200' title='bbox 941 1687 1147 1732; x_wconf 85' lang='lat' dir='ltr'>praestare,</span> <span class='ocrx_word' id='word_1_201' title='bbox 1161 1692 1259 1731; x_wconf 77' lang='lat' dir='ltr'>quae</span> <span class='ocrx_word' id='word_1_202' title='bbox 1273 1680 1408 1730; x_wconf 89' lang='lat' dir='ltr'>primis</span> <span class='ocrx_word' id='word_1_203' title='bbox 1420 1679 1532 1718; x_wconf 82' lang='lat' dir='ltr'>annis</span> 
     </span>
     <span class='ocr_line' id='line_1_27' title="bbox 316 1738 1533 1793; baseline -0.004 -12"><span class='ocrx_word' id='word_1_204' title='bbox 316 1744 578 1793; x_wconf 83' lang='lat' dir='ltr'>pollicebatur.</span> <span class='ocrx_word' id='word_1_205' title='bbox 639 1742 734 1780; x_wconf 80' lang='lat' dir='ltr'>Eius</span> <span class='ocrx_word' id='word_1_206' title='bbox 771 1741 977 1779; x_wconf 81' lang='lat' dir='ltr'>nonnullos</span> <span class='ocrx_word' id='word_1_207' title='bbox 1018 1752 1154 1778; x_wconf 77' lang='lat' dir='ltr'>versus</span> <span class='ocrx_word' id='word_1_208' title='bbox 1185 1745 1223 1778; x_wconf 88' lang='lat' dir='ltr'>et</span> <span class='ocrx_word' id='word_1_209' title='bbox 1255 1739 1366 1789; x_wconf 86' lang='lat' dir='ltr'>plura</span> <span class='ocrx_word' id='word_1_210' title='bbox 1407 1738 1533 1777; x_wconf 90' lang='lat' dir='ltr'>soluta</span> 
     </span>
     <span class='ocr_line' id='line_1_28' title="bbox 317 1797 1532 1851; baseline -0.004 -11"><span class='ocrx_word' id='word_1_211' title='bbox 317 1803 486 1840; x_wconf 82' lang='lat' dir='ltr'>oratione</span> <span class='ocrx_word' id='word_1_212' title='bbox 500 1802 580 1851; x_wconf 85' lang='lat' dir='ltr'>legi</span> <span class='ocrx_word' id='word_1_213' title='bbox 595 1803 715 1840; x_wconf 85' lang='lat' dir='ltr'>bonae</span> <span class='ocrx_word' id='word_1_214' title='bbox 729 1801 852 1849; x_wconf 75' lang='lat' dir='ltr'>fmgis</span> <span class='ocrx_word' id='word_1_215' title='bbox 867 1813 936 1850; x_wconf 82' lang='lat' dir='ltr'>spe</span> <span class='ocrx_word' id='word_1_216' title='bbox 950 1801 1102 1846; x_wconf 84' lang='lat' dir='ltr'>referta,</span> <span class='ocrx_word' id='word_1_217' title='bbox 1124 1804 1227 1836; x_wconf 74' lang='lat' dir='ltr'>celte</span> <span class='ocrx_word' id='word_1_218' title='bbox 1246 1799 1331 1837; x_wconf 88' lang='lat' dir='ltr'>eius</span> <span class='ocrx_word' id='word_1_219' title='bbox 1350 1798 1389 1836; x_wconf 89' lang='lat' dir='ltr'>in</span> <span class='ocrx_word' id='word_1_220' title='bbox 1403 1797 1532 1835; x_wconf 79' lang='lat' dir='ltr'>divam</span> 
     </span>
     <span class='ocr_line' id='line_1_29' title="bbox 317 1856 1532 1908; baseline -0.005 -9"><span class='ocrx_word' id='word_1_221' title='bbox 317 1863 469 1899; x_wconf 79' lang='lat' dir='ltr'>Annam</span> <span class='ocrx_word' id='word_1_222' title='bbox 494 1873 649 1899; x_wconf 84' lang='lat' dir='ltr'>carmen</span> <span class='ocrx_word' id='word_1_223' title='bbox 673 1860 952 1906; x_wconf 77' lang='lat' dir='ltr'>circumfertur,</span> <span class='ocrx_word' id='word_1_224' title='bbox 973 1865 1011 1897; x_wconf 87' lang='lat' dir='ltr'>et</span> <span class='ocrx_word' id='word_1_225' title='bbox 1031 1859 1309 1908; x_wconf 78' lang='lat' dir='ltr'>epigrammata</span> <span class='ocrx_word' id='word_1_226' title='bbox 1329 1856 1532 1907; x_wconf 82' lang='lat' dir='ltr'>quaedam,</span> 
     </span>
     <span class='ocr_line' id='line_1_30' title="bbox 318 1915 1534 1971; baseline -0.005 -13"><span class='ocrx_word' id='word_1_227' title='bbox 318 1933 416 1971; x_wconf 64' lang='lat' dir='ltr'>«luae</span> <span class='ocrx_word' id='word_1_228' title='bbox 436 1933 503 1958; x_wconf 76' lang='lat' dir='ltr'>vos</span> <span class='ocrx_word' id='word_1_229' title='bbox 524 1920 626 1958; x_wconf 87' lang='lat' dir='ltr'>haud</span> <span class='ocrx_word' id='word_1_230' title='bbox 647 1919 790 1968; x_wconf 78' lang='lat' dir='ltr'>legisse</span> <span class='ocrx_word' id='word_1_231' title='bbox 813 1919 955 1968; x_wconf 77' lang='lat' dir='ltr'>pigeat.</span> <span class='ocrx_word' id='word_1_232' title='bbox 996 1918 1199 1967; x_wconf 82' lang='lat' dir='ltr'>Agricolae</span> <span class='ocrx_word' id='word_1_233' title='bbox 1221 1916 1438 1965; x_wconf 87' lang='lat' dir='ltr'>discipulus</span> <span class='ocrx_word' id='word_1_234' title='bbox 1458 1915 1534 1953; x_wconf 85' lang='lat' dir='ltr'>fuit</span> 
     </span>
    </p>

    <p class='ocr_par' dir='ltr' id='par_1_8' title="bbox 258 1975 1534 2266">
     <span class='ocr_line' id='line_1_31' title="bbox 258 1975 1531 2027; baseline -0.005 -10"><span class='ocrx_word' id='word_1_235' title='bbox 258 1992 292 2013; x_wconf 65' lang='lat' dir='ltr'>:zu</span> <span class='ocrx_word' id='word_1_236' title='bbox 319 1980 485 2018; x_wconf 85' lang='lat' dir='ltr'>Ioannes</span> <span class='ocrx_word' id='word_1_237' title='bbox 527 1979 788 2025; x_wconf 84' lang='lat' dir='ltr'>Camerarius,</span> <span class='ocrx_word' id='word_1_238' title='bbox 831 1978 897 2027; x_wconf 74' lang='lat' dir='ltr'>qui</span> <span class='ocrx_word' id='word_1_239' title='bbox 936 1978 1007 2015; x_wconf 86' lang='lat' dir='ltr'>etsi</span> <span class='ocrx_word' id='word_1_240' title='bbox 1052 1977 1125 2014; x_wconf 87' lang='lat' dir='ltr'>iuri</span> <span class='ocrx_word' id='word_1_241' title='bbox 1167 1975 1335 2014; x_wconf 86' lang='lat' dir='ltr'>dicundo</span> <span class='ocrx_word' id='word_1_242' title='bbox 1376 1986 1531 2024; x_wconf 85' lang='lat' dir='ltr'>operam</span> 
     </span>
     <span class='ocr_line' id='line_1_32' title="bbox 320 2033 1534 2087; baseline -0.004 -12"><span class='ocrx_word' id='word_1_243' title='bbox 320 2045 518 2077; x_wconf 66' lang='lat' dir='ltr'>strenuam</span> <span class='ocrx_word' id='word_1_244' title='bbox 549 2038 709 2084; x_wconf 75' lang='lat' dir='ltr'>navarit,</span> <span class='ocrx_word' id='word_1_245' title='bbox 742 2037 912 2087; x_wconf 80' lang='lat' dir='ltr'>poeticae</span> <span class='ocrx_word' id='word_1_246' title='bbox 944 2041 1070 2074; x_wconf 87' lang='lat' dir='ltr'>tamen</span> <span class='ocrx_word' id='word_1_247' title='bbox 1111 2035 1304 2073; x_wconf 86' lang='lat' dir='ltr'>facultatis</span> <span class='ocrx_word' id='word_1_248' title='bbox 1337 2033 1534 2072; x_wconf 85' lang='lat' dir='ltr'>studiosus</span> 
     </span>
     <span class='ocr_line' id='line_1_33' title="bbox 318 2093 1533 2145; baseline -0.006 -9"><span class='ocrx_word' id='word_1_249' title='bbox 318 2098 412 2136; x_wconf 86' lang='lat' dir='ltr'>adeo</span> <span class='ocrx_word' id='word_1_250' title='bbox 456 2098 546 2145; x_wconf 83' lang='lat' dir='ltr'>fuit,</span> <span class='ocrx_word' id='word_1_251' title='bbox 598 2104 639 2134; x_wconf 92' lang='lat' dir='ltr'>ut</span> <span class='ocrx_word' id='word_1_252' title='bbox 682 2097 766 2134; x_wconf 89' lang='lat' dir='ltr'>eius</span> <span class='ocrx_word' id='word_1_253' title='bbox 811 2108 948 2134; x_wconf 75' lang='lat' dir='ltr'>versus</span> <span class='ocrx_word' id='word_1_254' title='bbox 997 2108 1019 2132; x_wconf 89' lang='lat' dir='ltr'>a</span> <span class='ocrx_word' id='word_1_255' title='bbox 1063 2094 1230 2132; x_wconf 85' lang='lat' dir='ltr'>laudatis</span> <span class='ocrx_word' id='word_1_256' title='bbox 1274 2093 1533 2138; x_wconf 85' lang='lat' dir='ltr'>laudarentur,</span> 
     </span>
     <span class='ocr_line' id='line_1_34' title="bbox 320 2151 1534 2205; baseline -0.002 -13"><span class='ocrx_word' id='word_1_257' title='bbox 320 2157 438 2194; x_wconf 71' lang='lat' dir='ltr'>veluti</span> <span class='ocrx_word' id='word_1_258' title='bbox 472 2163 560 2194; x_wconf 78' lang='lat' dir='ltr'>sunt</span> <span class='ocrx_word' id='word_1_259' title='bbox 589 2156 627 2202; x_wconf 87' lang='lat' dir='ltr'>ii,</span> <span class='ocrx_word' id='word_1_260' title='bbox 659 2168 756 2205; x_wconf 70' lang='lat' dir='ltr'>quos</span> <span class='ocrx_word' id='word_1_261' title='bbox 789 2156 836 2193; x_wconf 87' lang='lat' dir='ltr'>de</span> <span class='ocrx_word' id='word_1_262' title='bbox 856 2155 1061 2203; x_wconf 79' lang='lat' dir='ltr'>Agricolae</span> <span class='ocrx_word' id='word_1_263' title='bbox 1082 2158 1204 2191; x_wconf 88' lang='lat' dir='ltr'>morte</span> <span class='ocrx_word' id='word_1_264' title='bbox 1229 2152 1406 2202; x_wconf 82' lang='lat' dir='ltr'>reliquit3</span> <span class='ocrx_word' id='word_1_265' title='bbox 1438 2151 1534 2190; x_wconf 75' lang='lat' dir='ltr'>alios</span> 
     </span>
     <span class='ocr_line' id='line_1_35' title="bbox 321 2212 1534 2266; baseline -0.006 -12"><span class='ocrx_word' id='word_1_266' title='bbox 321 2222 514 2266; x_wconf 82' lang='lat' dir='ltr'>praeterea</span> <span class='ocrx_word' id='word_1_267' title='bbox 547 2215 689 2253; x_wconf 84' lang='lat' dir='ltr'>multos</span> <span class='ocrx_word' id='word_1_268' title='bbox 721 2214 852 2252; x_wconf 76' lang='lat' dir='ltr'>audivi</span> <span class='ocrx_word' id='word_1_269' title='bbox 885 2215 931 2251; x_wconf 84' lang='lat' dir='ltr'>ab</span> <span class='ocrx_word' id='word_1_270' title='bbox 964 2225 1008 2251; x_wconf 90' lang='grc'>90</span> <span class='ocrx_word' id='word_1_271' title='bbox 1035 2212 1279 2261; x_wconf 81' lang='lat' dir='ltr'>compositos,</span> <span class='ocrx_word' id='word_1_272' title='bbox 1312 2224 1388 2249; x_wconf 88' lang='grc'>11011</span> <span class='ocrx_word' id='word_1_273' title='bbox 1419 2223 1443 2248; x_wconf 90' lang='lat' dir='ltr'>a</span> <span class='ocrx_word' id='word_1_274' title='bbox 1472 2222 1534 2247; x_wconf 90' lang='lat' dir='ltr'>me</span> 
     </span>
    </p>

    <p class='ocr_par' dir='ltr' id='par_1_9' title="bbox 259 2270 1534 2320">
     <span class='ocr_line' id='line_1_36' title="bbox 259 2270 1534 2320; baseline -0.005 -9"><span class='ocrx_word' id='word_1_275' title='bbox 259 2285 293 2309; x_wconf 82' lang='lat'>;-;.·‚</span> <span class='ocrx_word' id='word_1_276' title='bbox 321 2276 433 2313; x_wconf 72' lang='lat' dir='ltr'>visos.</span> <span class='ocrx_word' id='word_1_277' title='bbox 495 2274 653 2312; x_wconf 84' lang='lat' dir='ltr'>Praesul</span> <span class='ocrx_word' id='word_1_278' title='bbox 689 2273 751 2311; x_wconf 70' lang='lat' dir='ltr'>hic,</span> <span class='ocrx_word' id='word_1_279' title='bbox 773 2273 925 2311; x_wconf 86' lang='lat' dir='ltr'>tandem</span> <span class='ocrx_word' id='word_1_280' title='bbox 959 2278 1122 2310; x_wconf 83' lang='lat' dir='ltr'>creatus.</span> <span class='ocrx_word' id='word_1_281' title='bbox 1183 2270 1352 2309; x_wconf 78' lang='lat' dir='ltr'>Multum</span> <span class='ocrx_word' id='word_1_282' title='bbox 1379 2281 1534 2320; x_wconf 84' lang='lat' dir='ltr'>quoque</span> 
     </span>
    </p>
   </div>
  </div>
 </body>
</html>
