1696 2661
605 174 817 207 GrizAans,
850 174 897 198 DE
929 173 1068 199 POETIS.
1416 162 1470 199 49

200 300 258 333 [571
292 292 478 341 plerique.
522 291 595 328 Hic
625 302 627 341 !
657 291 813 340 quidem
846 291 1011 328 Plethon
1044 295 1083 327 et
1113 290 1319 339 aliquando
1351 291 1471 328 versi-

258 352 330 387 bus
361 350 454 387 lusit
485 350 612 398 dignis
654 350 730 387 illis
773 350 930 399 quidem
972 354 1076 387 tanto
1118 349 1368 399 philosopho,
1403 350 1471 387 sed

262 410 394 458 paucis
425 409 643 446 admodum.
692 410 818 446 Huius
849 409 945 446 tanti
983 409 1053 445 w'ri
1095 421 1183 445 cum
1215 409 1394 446 historias
1433 409 1470 445 in

261 468 439 506 Latinum
472 480 691 505 sermonem
723 481 772 506 ex
806 468 953 506 Graeco
990 468 1075 517 ipse
1107 472 1393 515 converterem,
1425 468 1472 504 de

216 536 231 560 7,
260 540 303 563 eo
346 527 383 564 in
428 527 663 576 praefatione
709 528 763 564 sic
808 527 908 564 dixi:
952 527 1068 564 Illum
1113 526 1196 564 dico
1241 526 1471 573 Gemistmn,

259 598 376 635 quem
396 598 472 623 non
493 586 619 623 solum
642 586 814 633 Graecia,
848 587 917 624 sed
938 586 1145 623 universus
1176 586 1258 623 fere
1281 591 1471 623 terrarum

259 645 360 682 orbis
392 646 438 682 ob
461 646 605 682 variam
636 649 752 695 atque
772 645 1028 694 multiplicem
1048 645 1267 682 divinarum
1290 645 1473 682 humana—

259 716 424 753 rumque
456 717 585 741 rerum
618 704 817 742 scientiam
846 704 1059 742 admiratus
1092 716 1147 751 eo,
1178 704 1279 753 quod
1310 703 1472 751 Platoni,

257 763 573 812 philosol‘ihorum
606 764 783 812 principi,
816 768 932 812 atque
956 763 1155 800 Aristoteli
1179 762 1415 800 Graecorum
1436 767 1475 800 et

202 831 234 856 11)
260 822 491 860 Latinorum
523 823 694 860 omnium
726 834 919 860 consensu
950 822 1127 871 proxime
1159 822 1373 859 accederet.
1426 822 1475 859 Et

260 881 309 918 de
342 881 531 919 Plethone
573 894 641 919 seu
674 881 847 919 Gemisto
888 881 991 919 satis.
1053 882 1105 918 At
1145 893 1235 918 vero
1273 881 1473 928 Emanuel,

260 953 378 989 quem
400 940 556 989 quidam
576 941 705 989 potius
725 941 947 978 Manuelem
968 940 1183 978 secundum
1203 940 1472 977 Hebraismum

263 999 442 1046 vocitant,
466 1000 718 1047 Chrysoloras
750 999 1052 1048 cognominatus,
1075 999 1287 1047 Byzantius
1310 999 1474 1046 natione,

261 1059 308 1096 ab
340 1059 572 1107 imperatore
608 1059 1030 1107 Constantinopolitano
1062 1059 1207 1096 Ioanne
1245 1058 1474 1107 Palaeologo

206 1126 236 1151 10
263 1118 416 1166 legatus
457 1118 600 1155 missus
642 1118 691 1154 ad
734 1117 930 1166 principes
973 1117 1168 1166 Europae,
1223 1121 1265 1154 ut
1310 1129 1376 1154 eos
1418 1117 1475 1154 in—

260 1177 475 1214 flammaret
506 1177 555 1214 ad
587 1177 733 1213 bellum
766 1177 1058 1225 suscipiendum
1086 1180 1218 1214 contra
1239 1176 1384 1214 'Furcas
1406 1176 1475 1213 toti

261 1234 443 1272 Graeciae
463 1240 501 1273 et
518 1235 695 1284 Europae
713 1236 910 1273 excidium
930 1235 1133 1273 minantes.
1179 1234 1262 1282 Qua
1281 1235 1475 1284 legatione

259 1295 416 1331 functus
447 1294 487 1331 111
517 1294 627 1331 Italia
660 1294 831 1332 substitit
862 1295 902 1331 111
935 1306 1096 1343 eamque
1126 1294 1296 1332 Graecas
1326 1295 1476 1331 litteras

260 1353 421 1400 invexit,
453 1358 495 1390 ut
525 1354 572 1390 ab
606 1365 650 1390 eo
682 1353 891 1391 doctissimi
914 1353 1090 1403 plerique
1122 1353 1161 1390 in
1194 1366 1238 1391 ea
1271 1353 1474 1391 evaserint.

202 1420 236 1445 20
263 1411 454 1449 Versatus
499 1416 559 1449 est
608 1412 670 1449 hic
714 1412 905 1459 Venetiis,
950 1413 1185 1459 Florentiae,
1238 1412 1384 1450 Romae
1438 1417 1476 1449 et

261 1471 399 1517 Ticini,
445 1471 615 1509 decessit
658 1472 697 1508 in
739 1471 942 1509 Germania
982 1471 1244 1518 Constantiae,
1291 1484 1379 1508 cum
1424 1471 1474 1508 ibi

263 1530 481 1567 universale
513 1530 716 1567 concilium
750 1530 1054 1568 Christianorum
1086 1531 1364 1577 celebraretur,
1408 1530 1476 1567 ibi-

261 1589 428 1638 demque
457 1589 633 1638 sepultus
670 1589 864 1638 epitaphio
899 1589 1053 1627 condito
1089 1590 1135 1627 ab
1172 1589 1254 1627 eius
1288 1589 1476 1638 discipulo

263 1648 408 1697 Poggio
434 1648 667 1695 Florentino,
689 1652 731 1686 ut
745 1649 877 1686 fertur.
909 1649 1077 1686 Exstant
1099 1649 1182 1686 eius
1202 1648 1477 1697 grammaticae

202 1716 236 1740 25
262 1707 525 1745 institutiones
546 1708 662 1745 utiles
685 1707 841 1756 quidem
865 1712 902 1745 et
925 1719 1048 1756 pauca
1070 1707 1160 1755 alia;
1196 1708 1280 1745 eius
1309 1707 1478 1745 carmina

263 1766 422 1815 quidem
453 1766 559 1803 nulla
590 1779 653 1804 me
684 1767 828 1815 legisse
860 1767 1029 1814 memini,
1062 1767 1174 1804 sicuti
1196 1779 1267 1804 nec
1289 1766 1477 1804 Demetrii

263 1825 528 1873 Chalcondyli,
560 1825 631 1862 viri
663 1826 831 1874 profecto
863 1826 903 1862 in
934 1825 1234 1874 interpretandis
1256 1825 1477 1863 auctoribus

263 1884 512 1931 celeberrimi,
544 1884 655 1922 cuius
681 1888 719 1922 et
741 1885 1013 1933 grammaticae
1032 1885 1127 1922 liber
1146 1888 1284 1930 exstat,
1317 1885 1477 1934 eiusque

263 1943 468 1980 nonnullae
500 1943 701 1992 epistulae.
749 1944 870 1981 Fuere
902 1947 940 1980 et
960 1943 1164 1981 Bessarion
1196 1947 1233 1981 et
1253 1943 1476 1981 Theodorus

203 2012 237 2035 31¹
265 2001 378 2049 Gaza,
399 2002 471 2039 viri
491 2002 591 2039 inter
611 2001 778 2040 Graecos
809 2003 1148 2051 excellentissimi,
1168 2003 1230 2040 hic
1243 2015 1293 2040 ex
1315 2003 1477 2040 Thessa-

263 2061 396 2108 lonica,
430 2062 523 2098 urbe
554 2061 817 2109 Macedoniae,
850 2062 940 2099 fuit:
974 2074 1049 2111 quo
1082 2065 1210 2099 vestra
1243 2062 1355 2109 haec,
1388 2061 1476 2109 Lili,

209 2127 264 2161 [5⁵]
297 2120 431 2157 civitas
453 2120 586 2157 Ferra—
615 2118 618 2171 1
646 2120 726 2158 riae
746 2120 900 2169 gloriari
920 2124 1058 2170 potest,
1084 2121 1187 2170 1111011
1208 2121 1418 2158 instaurato
1438 2121 1477 2157 in

266 2190 309 2216 ea
340 2179 555 2216 litterarum
595 2180 798 2228 gymnasio
839 2179 988 2229 primus
1030 2180 1149 2217 studii
1180 2180 1399 2228 praefectus
1440 2184 1478 2217 et

264 2238 489 2285 moderator,
522 2238 587 2287 qui
607 2238 723 2287 vulgo
754 2242 880 2276 rector
909 2239 1060 2286 dicitur,
1093 2239 1156 2276 hic
1176 2243 1328 2276 creatus
1349 2239 1476 2285 fuerit,

192 2305 238 2330 ar>
265 2297 328 2333 11111
369 2302 407 2334 et
446 2297 598 2346 publice
639 2296 805 2335 Graecas
845 2298 993 2335 litteras
1032 2298 1230 2347 professus
1274 2297 1479 2335 nonnullas

276 2375 341 2401 Lat.
363 2375 646 2402 Litteraturdenkm.
669 2377 711 2402 10.
1241 2366 1262 2397 4
