1696 2661
189 887 222 913 10

191 1182 224 1208 15

186 2363 220 2388 33

590 230 805 265 GYRALDvs,
836 231 885 256 1113
915 230 1056 256 ΡοΕ113.
1413 220 1463 257 97

248 348 344 396 Quis
375 348 576 386 Dominico
608 348 757 385 Bondio
783 348 974 395 Magnano
996 348 1169 397 argutior
1200 361 1245 386 ac
1276 348 1466 386 limatior?

249 408 344 455 Quis
401 407 502 444 Iulio
558 407 694 445 Pontio
748 408 935 445 Moreleto
985 407 1162 445 festivior
1210 420 1255 445 ac
1304 408 1466 456 plenior,

248 467 428 516 quisnam
466 470 505 504 et
535 466 575 503 in
605 467 804 515 tragoedia
829 467 1094 516 componenda
1126 467 1320 504 ornatior?
1371 466 1465 514 Quis

246 525 485 573 Hieronymo
536 526 788 564 Benintendio
837 526 1058 575 Belgiarino
1107 526 1232 574 magis
1285 526 1465 563 statarius

247 588 286 622 et
316 589 529 622 amentatas
562 585 692 623 hastas
724 585 915 623 valentius
956 585 1179 634 intorquet?
1219 585 1339 622 Porro
1377 585 1466 634 quis

247 643 384 681 Iacobo
418 644 634 693 Cagnacino
666 645 834 694 paratior
864 657 909 682 30
940 644 1113 681 facilior?
1158 643 1252 690 Quis
1275 644 1464 692 Prospero

246 702 413 741 Pasetho
469 704 625 752 gram'or
668 716 712 741 ac
750 703 1000 753 prudentior?
1062 702 1158 750 Quis
1201 703 1464 751 Ronchogallo

247 762 438 809 audacior,
453 763 670 811 copiosior?
691 762 785 810 Quis
800 762 992 800 Richardo
1006 762 1153 800 Renato
1166 762 1319 809 Catone,
1334 762 1465 810 magni

247 820 435 858 Ludovici
456 821 612 859 Catonis
631 822 721 869 filio,
754 822 906 859 mollior
928 825 966 858 et
985 821 1211 859 delicatior?
1256 820 1332 858 Sed
1354 821 1464 858 Video

248 891 317 917 vos
349 880 497 929 mirari,
531 881 634 930 quod
665 881 713 919 de
745 881 895 919 duobus
926 893 1047 929 paene
1078 880 1278 927 fratribus,
1318 879 1464 917 intimis

247 939 400 989 amicis,
440 939 600 978 Irenaeo
632 940 840 978 Brasavolo
872 944 911 978 et
942 939 1085 977 Ioanne
1117 939 1292 988 Baptista
1330 939 1463 987 Pigna,

247 998 373 1035 adhuc
404 999 500 1036 nihil
531 999 709 1048 dixerim,
742 1003 923 1048 putantes
954 1011 1015 1035 me
1048 998 1228 1040 oblitum:
1264 998 1332 1035 sed
1365 998 1466 1035 sicut

247 1068 297 1094 ex
328 1058 456 1095 animo
488 1070 696 1107 nunquam,
728 1059 780 1096 ita
812 1070 882 1096 1100
908 1070 928 1095 0
956 1057 1142 1095 memoria
1169 1058 1338 1095 effluent.
1385 1057 1464 1095 Sed

247 1115 431 1155 Irenaeus
448 1121 607 1166 paterna
624 1118 799 1155 imitatus
817 1117 983 1166 vestigia
1005 1116 1295 1154 instructiorem
1315 1128 1356 1153 se
1378 1128 1463 1153 esse

252 1182 325 1216 [109]
361 1176 469 1225 cupit
500 1180 538 1214 01
569 1181 723 1214 exercet
753 1177 793 1214 in
825 1180 905 1214 tota
936 1188 977 1213 re
998 1176 1156 1213 medica.
1200 1175 1323 1223 Pigna
1342 1187 1432 1212 vero
1457 1181 1460 1228 1

248 1247 483 1284 quamquam
524 1238 562 1273 et
598 1236 682 1285 ipse
719 1236 759 1273 in
798 1235 1044 1285 philosophia
1080 1239 1119 1272 et
1149 1234 1342 1272 medicina
1380 1246 1465 1271 sese

248 1294 467 1331 stu‹.liosum
503 1295 678 1343 praebet,
719 1295 838 1331 nihilo
876 1295 1006 1331 minus
1045 1293 1297 1331 humanitatis
1336 1293 1464 1330 studia

246 1364 447 1401 nunquam
478 1352 631 1390 deserit.
684 1353 784 1390 Nam
816 1358 858 1390 ut
884 1353 1070 1399 omittam,
1104 1365 1201 1402 quae
1232 1353 1462 1390 adulescens

248 1411 373 1449 soluta
404 1412 574 1449 oratione
605 1412 844 1461 perscripsit,
877 1412 924 1449 de
955 1412 1215 1449 consolatione
1240 1415 1319 1449 tres
1343 1411 1463 1448 libros

186 1479 191 1486 ·
246 1470 295 1507 ad
327 1470 513 1508 Thomam
550 1471 786 1513 Lucensem,
836 1475 1064 1508 materterae
1109 1483 1201 1507 suae
1242 1470 1380 1516 virum,
1425 1475 1464 1507 et

246 1529 421 1566 libellum
453 1530 502 1567 de
534 1530 621 1576 otio,
653 1542 771 1579 quem
802 1530 1043 1579 amplissimo
1075 1529 1261 1567 cardinali
1293 1529 1462 1567 Salm'ato

245 1588 369 1635 misit,
408 1593 446 1626 et
477 1589 604 1626 varias
635 1589 840 1638 epistulas,
873 1601 1010 1627 versus
1049 1601 1201 1638 quoque
1232 1589 1390 1625 Latinos
1424 1592 1463 1625 et

245 1647 449 1695 rhythmos
468 1647 654 1685 Etruscos
687 1652 725 1686 et
754 1648 843 1686 illos
875 1648 1033 1697 quidem
1060 1652 1218 1696 argutos
1237 1660 1281 1685 ac
1300 1647 1461 1696 lepidos,

245 1705 285 1742 in
323 1707 406 1743 dies
445 1707 613 1754 conficit,
656 1707 724 1744 sed
761 1712 800 1745 et
837 1707 981 1755 lyricos
1019 1718 1228 1755 aggressus
1261 1707 1392 1754 elegos
1423 1710 1460 1743 et

247 1765 420 1803 heroicos
452 1769 531 1803 tam
564 1758 735 1804 studiose
766 1766 919 1815 pangit,
960 1770 1005 1803 ut
1041 1766 1177 1803 merito
1210 1766 1306 1803 bene
1339 1765 1386 1802 de
1417 1777 1461 1802 eo

248 1824 483 1872 sperandum
504 1825 564 1862 sit.
598 1824 748 1872 Quibus
768 1825 815 1863 de
836 1826 952 1863 rebus
972 1825 1120 1862 inducti
1135 1824 1462 1874 prudentissimus

246 1883 427 1933 princeps
458 1888 588 1921 noster
607 1884 797 1922 Hercules
829 1888 866 1922 et
897 1885 1060 1921 Iacobus
1081 1884 1254 1930 Troctus,
1282 1883 1461 1920 tribunus

246 1941 372 1990 plebis
404 1947 443 1980 et
474 1946 583 1991 pater
613 1947 787 1992 patratus
818 1947 855 1981 et
874 1943 1065 1980 Antonius
1086 1943 1199 1980 Musa
1217 1942 1460 1989 Archiatrus,

246 2001 367 2038 nostri
398 2001 575 2039 litterarii
607 2002 800 2050 gymnasii
820 2003 1037 2040 moderator
1057 2007 1095 2039 et
1115 2002 1345 2051 praefectus,
1371 2013 1459 2038 eum

210 2090 215 2092 μ
246 2059 285 2096 111
314 2061 577 2109 professorum
602 2062 688 2098 albo
714 2061 853 2099 ascribi
873 2062 1041 2109 voluere,
1069 2065 1111 2098 ut
1132 2060 1460 2098 extraordinarius

245 2119 495 2157 1111111311113113
508 2119 716 2158 100110110111
726 2121 919 2169 publicam
929 2120 1076 2158 Graece
1090 2124 1128 2157 et
1138 2120 1273 2157 Latine
1284 2120 1460 2168 profitea-

246 2181 320 2215 tur.
339 2177 447 2216 Inter
458 2179 527 2216 hos
541 2191 616 2216 non
631 2192 887 2217 commemoro
896 2179 1164 2216 Alexandrum
1177 2178 1367 2216 Sardum?
1386 2177 1459 2225 Qui

246 2248 296 2274 ex
348 2237 468 2286 patris
522 2238 633 2276 Sardi
681 2239 857 2276 instituto
907 2238 1086 2276 historias
1137 2242 1380 2275 consectatur
1423 2241 1461 2274 et

247 2296 402 2333 cottidie
434 2296 734 2347 opisthographa
765 2298 1008 2335 conlectanea
1034 2310 1083 2335 ex
1104 2297 1205 2334 omni
1227 2297 1459 2346 scriptorum

246 2367 389 2403 genere
434 2358 651 2405 conscripta
694 2357 892 2406 compilat,
942 2360 985 2394 ut
1034 2357 1145 2393 illum
1189 2356 1315 2394 onmia
1359 2356 1459 2393 scire

257 2421 323 2448 Lat.
344 2422 627 2449 Litteraturdcnkm.
650 2424 693 2450 10.
1226 2425 1243 2457 ῖ
