1696 2661
187 868 217 892 lo

187 1163 217 1188 13

185 2050 220 2076 30

185 2345 220 2371 2²25

583 210 798 245 onmnnvs,
830 211 877 235 DE
909 210 1048 236 vomis.
1403 201 1456 237 35

243 341 413 376 cessum,
463 332 505 365 ut
550 328 729 366 sacerdos
778 332 1069 366 consecraretur
1123 333 1161 366 et
1203 329 1458 367 eucharistiae

245 400 380 437 panem
411 387 459 424 de
491 387 566 425 ritu
598 387 778 436 mysticis
796 387 924 425 verbis
947 388 1152 425 conficeret
1172 388 1310 425 comite
1330 393 1457 426 tamen

244 447 299 484 illi
330 447 516 484 adstante.
560 446 669 484 Alter
700 459 791 484 vero
824 447 984 484 Carolus
1012 446 1237 484 Fernandus
1265 447 1459 495 Brugenis

244 511 283 543 et
313 506 397 555 ipse
428 505 555 543 infans
586 510 722 555 captus
755 506 878 543 oculis
911 506 967 543 sic
997 506 1037 542 in
1068 506 1284 543 litterarum
1316 507 1458 543 studiis

244 564 415 613 profecit,
447 570 490 602 ut
521 577 609 602 cum
629 565 791 602 Parisiis
824 568 1054 610 versaretur,
1086 564 1139 601 ibi
1166 565 1322 613 [niblice
1341 565 1458 603 disci-

244 623 369 672 plinas
402 624 600 672 professus
634 625 701 672 sit3
741 636 831 661 mox
863 624 988 662 factus
1020 624 1232 661 monachus
1264 637 1352 661 cum
1383 625 1459 662 alia

243 683 400 732 scripsit
437 689 519 720 tum
553 683 668 721 etiam
701 695 855 730 versus,
896 695 993 732 quos
1024 695 1323 720 commemorare
1355 684 1459 720 haud

242 746 301 779 est
341 754 480 791 operae
520 742 698 791 pretium.
770 742 857 780 Non
899 743 960 779 his
1001 742 1200 779 inferiores
1239 742 1315 779 duo
1362 743 1459 791 lippi

242 800 397 838 Etrusci
428 802 547 849 fuere,
580 814 743 851 quorum
775 813 847 850 ego
880 806 1086 850 utrumque
1117 806 1288 839 orantem
1316 801 1459 839 audivi.

245 860 353 897 Alter
383 860 541 909 quidem
561 861 743 898 Aiu‘elius
769 873 818 898 ex
838 860 1134 909 Augustinianis
1165 860 1336 897 eremitis
1367 860 1458 902 fuit;

243 919 352 968 prius
385 931 475 957 vero
506 920 609 971 apud
636 920 862 957 Pannonum
894 931 1025 968 regem
1056 919 1230 968 aliosque
1261 919 1459 969 principes

243 978 462 1016 ‹livet-satus
515 991 605 1016 mox
643 979 788 1016 Romae
828 979 983 1016 tandem
1024 978 1245 1028 pestilentia
1292 979 1459 1016 decessit

243 1037 464 1075 Innocentio
490 1038 600 1075 VIII.
632 1039 814 1087 pontifice
846 1038 1027 1076 maximo.
1084 1038 1261 1075 Alterum
1294 1050 1384 1076 vero
1421 1044 1460 1075 et

243 1101 302 1143 tu⁷
340 1096 433 1141 Iuli,
472 1109 622 1134 mecum
661 1109 735 1135 non
769 1098 900 1140 semel
919 1101 957 1134 et
987 1098 1273 1146 praelegentem
1305 1097 1460 1146 publice

243 1160 282 1192 et
301 1160 472 1193 orantem
497 1156 705 1194 audivisti*
762 1157 821 1194 ·Et
841 1156 1022 1206 quidem',
1054 1156 1180 1206 inquit
1198 1155 1333 1201 Iulius
1361 1159 1460 1193 ‘nam

243 1218 282 1251 et
312 1215 501 1252 iuniorem
522 1215 753 1253 Beroaldum
786 1215 945 1253 memini
977 1215 1106 1253 dicere
1138 1215 1263 1252 iocose
1290 1215 1458 1264 quidem,

244 1278 286 1310 ut
305 1279 409 1322 puto,
453 1274 605 1323 lippum
632 1275 755 1312 solere
775 1275 965 1312 orationes
985 1274 1125 1312 habere
1142 1274 1297 1311 venales
1317 1286 1460 1323 easque

244 1344 312 1381 pro
332 1333 563 1370 licitantiuin
583 1333 729 1382 pretio.'
764 1333 835 1371 Cui
854 1346 946 1382 ego:
970 1333 1172 1371 *Feruntur
1196 1333 1272 1370 ista
1291 1333 1459 1382 quidem.

242 1391 307 1428 hic
338 1392 473 1441 utique
503 1393 758 1442 extemporali
798 1393 979 1430 facultate
1017 1393 1132 1430 etiam
1170 1392 1352 1441 insignis„
1392 1404 1459 1429 seu

245 1457 303 1492 [42]
345 1463 460 1500 prosa
481 1463 549 1489 seu
570 1463 684 1489 versu
711 1452 860 1500 velitis3
894 1464 969 1489 non
990 1452 1133 1488 multos
1152 1456 1240 1489 ante
1263 1451 1265 1490 i
1290 1451 1361 1488 hos
1376 1451 1460 1488 (lies

242 1522 265 1547 a
294 1509 423 1548 Leone
442 1510 491 1548 X.
523 1511 654 1548 iussus
686 1524 774 1548 cum
799 1511 957 1548 Marone
983 1515 1130 1548 ceitare
1156 1510 1195 1547 in
1221 1510 1459 1547 Medicorum

244 1569 448 1607 Cosmiana
480 1570 738 1608 sollemnitate
770 1570 897 1607 victus
929 1570 1057 1607 cessit.
1111 1570 1189 1607 Sed
1226 1569 1358 1618 lippus
1396 1569 1460 1605 hic

243 1629 435 1677 permulta
467 1629 641 1678 scripsit,
674 1641 772 1679 quae
803 1629 886 1666 eius
918 1629 1032 1666 amici
1063 1629 1198 1677 legunt
1230 1633 1267 1665 et
1299 1628 1461 1665 mirifice

244 1688 462 1725 celebrant]
525 1688 650 1737 Supra
682 1689 838 1725 modum
871 1700 961 1726 vero
993 1688 1214 1725 Alexandro
1246 1687 1460 1724 admirante

244 1747 315 1783 hos
359 1759 494 1784 caecos
541 1752 673 1796 poetas
714 1748 762 1785 ad
803 1759 863 1785 me
904 1759 1116 1785 conversus
1157 1747 1302 1784 Iulius:
1349 1746 1459 1793 *Quid

244 1811 375 1843 noster
394 1806 633 1854 Franciscus7
654 1807 721 1856 qui
741 1807 1021 1844 Mambrianum
1050 1806 1183 1853 edidit,
1216 1818 1308 1842 num
1329 1811 1367 1842 et
1395 1805 1460 1842 ille

245 1865 422 1902 caecus‘.37
465 1865 570 1911 *Estz
590 1866 759 1915 inquaim
793 1869 843 1903 ‘at
863 1866 958 1908 hos’,
990 1878 1061 1913 ego
1081 1866 1250 1914 inquam.
1284 1868 1461 1901 ''comme-

245 1924 401 1964 1n0ravi‚
435 1930 477 1961 ut
508 1925 636 1962 minus
667 1925 852 1962 miraculo
885 1925 994 1962 vobis
1027 1925 1093 1970 sit,
1127 1937 1213 1961 cum
1247 1923 1459 1960 Homerum

244 1983 387 2020 auditis
425 1988 463 2020 et
494 1983 707 2031 Didymum
740 1996 874 2021 caecos
907 1988 1013 2021 tanta
1050 1989 1087 2021 et
1118 1983 1211 2021 talia
1243 1982 1459 2031 scripsisse.

246 2042 322 2079 Sed
378 2043 478 2080 inter
517 2043 646 2092 lippos
706 2048 745 2081 et
788 2055 924 2081 caecos
968 2043 1062 2081 satis
1115 2042 1258 2079 versati
1302 2041 1377 2078 iam
1421 2041 1460 2077 in

245 2101 370 2139 lucem
414 2102 688 2150 procedamus!
751 2103 826 2140 Per
868 2103 963 2140 haec
1007 2107 1138 2139 nostra
1174 2106 1350 2149 tempora
1390 2100 1461 2137 fuit

245 2160 494 2198 Pistoriensis
544 2161 674 2210 Scipio
725 2161 1066 2208 Carteromachus,
1117 2160 1184 2210 qui
1234 2158 1380 2197 Graece
1423 2164 1461 2196 et

246 2219 381 2257 Latine
422 2220 536 2257 scivit
579 2233 649 2258 nec
696 2221 822 2258 infans
858 2221 951 2265 fuit3
994 2221 1233 2268 interceptus
1271 2218 1336 2255 ille
1373 2223 1461 2255 ante

246 2279 348 2316 diem
387 2291 484 2328 quae
524 2284 687 2329 utraque
719 2280 850 2328 lingua
888 2279 1065 2317 inchoata
1098 2278 1326 2328 promiserat
1358 2276 1460 2314 haud

247 2339 360 2387 plane
382 2338 563 2387 perfecit:
597 2339 762 2378 multum
795 2339 951 2388 quidem
974 2351 1018 2376 eo
1040 2338 1228 2375 moriente
1247 2336 1460 2374 amisiums.

1209 2405 1247 2421 ⁶]ss

1208 2423 1228 2438 1)
